3126 5002
668 234 890 297 -35..

188 417 367 484 παραπλήσια·
392 415 423 470 τὰ
441 415 471 470 δὲ
489 417 530 469 οίά
550 438 576 469 τε
594 418 753 485 κωλυθῆναί

190 506 266 570 ἐστιν,
285 506 322 564 ὥς
336 504 418 558 πολλὰ
435 504 484 571 μὲν
498 513 551 557 τῶν
564 507 750 573 ἀνθρωπίνων,

190 593 272 647 πολλὰ
300 593 330 647 δέ
356 594 402 648 καὶ
435 602 487 646 τῶν
517 597 673 662 μεταρσίων.
714 595 750 649 Τά

189 683 237 750 μὲν
255 683 302 736 οὖν
320 685 433 751 πρότερα
448 684 485 742 ὡς
504 684 533 746 ἐξ
550 684 665 752 ἀνάγκης
684 686 751 752 γινό-

189 792 255 840 μενα
279 772 407 840 ἀναγκαῖα
433 773 663 841 προσαγορεύεται·
687 774 703 824 ἃ
722 772 752 825 δὲ

190 861 255 928 πρὸς
292 861 438 914 τούναντίον
468 861 611 930 ἐπιδέχεται
648 861 751 930 ἐνδεχό-

190 971 262 1016 μενα.
297 951 458 1019 Ἆφορίζοιτο
486 951 512 1003 δ’
538 952 569 1004 ἀν
591 952 636 1003 καί
660 958 749 1004 ταῦτα·

191 1039 219 1091 τὸ
245 1038 294 1106 μέν
321 1039 463 1108 ἀναγκαῖον
492 1039 601 1093 δυνατὸν
632 1040 661 1092 τὸ
683 1041 751 1094 ἀντι-

190 1130 309 1195 κείμενον
331 1129 463 1195 ἀδυνάτῳ·
489 1129 517 1181 τό
536 1128 565 1182 δὲ
583 1129 751 1198 ἐνδεχόμενον

190 1220 313 1281 δυνατόν,
338 1217 370 1270 οὗ
392 1219 437 1270 καί
461 1217 489 1270 τὸ
512 1219 687 1285 ἀντικείμενον
705 1220 750 1271 δυ-

191 1308 275 1361 νατόν.
317 1306 350 1359 Τὸ
381 1305 429 1373 μὲν
460 1306 510 1375 γάρ
537 1309 680 1360 καταδῦναι
708 1307 751 1360 τὸν

192 1397 264 1464 ἥλιον
282 1396 424 1464 ἀναγκαῖόν
442 1417 469 1448 τε
487 1397 541 1463 ἅμα
564 1395 609 1449 καί
628 1398 749 1449 δυνατόν·

191 1485 328 1538 ἀντίκειται
347 1486 475 1539 ἀδύνατον
493 1485 521 1537 τὸ
539 1485 576 1553 μὴ
595 1487 749 1539 καταδῦναι·

190 1575 219 1627 τὸ
242 1574 271 1628 δέ
297 1576 456 1633 καταδύντος
484 1576 558 1643 ἡλίου
582 1577 682 1643 ὄμβρον
709 1596 750 1643 γε-

190 1664 281 1717 νέσθαι
314 1665 359 1717 καί
394 1664 432 1732 μὴ
462 1665 581 1733 γενέσθαι
613 1664 750 1732 ἀμφότερα

190 1753 285 1806 δυνατὰ
303 1754 349 1806 καί
363 1754 526 1822 ἐνδεχόμενα.
559 1753 645 1806 Πάλιν
658 1752 687 1806 δὲ
705 1753 750 1806 καί

190 1843 231 1895 ἐπὶ
254 1851 298 1896 τοῦ
321 1844 504 1912 ἐνδεχομένου,
528 1843 556 1895 τὸ
578 1842 626 1910 μέν
649 1844 686 1901 ὡς
709 1844 750 1895 ἐπὶ

190 1934 218 1987 τὸ
235 1934 315 1998 πολύ,
333 1934 362 1986 τό
383 1933 412 1988 δὲ
431 1935 468 1992 ὡς
486 1934 523 1986 ἐπ’
545 1934 656 1997 ἔλαττον,
675 1934 703 1986 τὸ
721 1934 751 1986 δὲ

190 2026 228 2085 ὡς
241 2026 340 2095 ἐπίσης,
358 2027 403 2079 καί
417 2026 541 2093 όπάτερον
555 2026 654 2094 ἔτυχεν·
675 2033 750 2078 τοῦτο

188 2115 236 2184 μέν
259 2116 373 2185 φανερὸν
392 2116 430 2174 ὡς
448 2113 511 2167 αὐτὸ
530 2115 601 2180 αύτῷ
624 2115 750 2168 ἀντιτέτα-

189 2224 261 2259 κται·
286 2204 314 2257 τὸ
337 2204 366 2257 δὲ
389 2205 426 2262 ὡς
450 2203 491 2256 ἐπὶ
515 2203 543 2256 τὸ
560 2204 626 2256 πολὺ
645 2205 691 2257 καί
709 2206 747 2257 ἐπ’

189 2296 292 2348 ἔλαττον
314 2294 445 2361 ἀλλήλοις·
470 2293 515 2345 καὶ
538 2301 616 2346 ταῦτα
639 2293 687 2360 μὲν
709 2294 750 2347 ἐπὶ

190 2393 221 2453 τῇ
240 2385 317 2453 φύσει
337 2383 365 2435 τὸ
382 2384 509 2446 πλεῖστον,
528 2382 574 2450 ἐφ’
597 2383 659 2450 ἡμῖν
677 2404 704 2436 τε
722 2383 750 2435 τὸ

189 2474 287 2541 ἐπίσης.
324 2472 358 2525 Τὸ
371 2471 420 2538 μέν
438 2470 486 2539 γὰρ
505 2471 556 2523 ὑπὸ
574 2472 642 2524 κύνα
660 2480 750 2538 καῦμα

189 2563 326 2631 ἢψῦχος,
345 2561 383 2614 ὧν
402 2558 495 2627 τὸμὲν
514 2560 551 2619 ὡς
570 2560 611 2612 ἐπὶ
630 2561 658 2613 τὸ
675 2561 750 2624 πολύ,

190 2650 218 2703 τὸ
232 2651 258 2704 δ’
280 2651 317 2708 ὥς
331 2650 373 2703 ἐπ’
395 2650 505 2714 ἔλαττον,
524 2658 555 2718 τῇ
570 2650 647 2718 φύσει
666 2650 750 2718 ἄμφω

189 2739 370 2792 ὑποτέτακται·
390 2739 418 2791 τὸ
438 2738 467 2792 δὲ
483 2747 632 2805 περιπατεῖν
649 2738 695 2791 καὶ
712 2738 749 2806 μὴ

189 2828 234 2881 καί
253 2830 301 2881 ὅσα
320 2836 437 2892 τοιαῦτα,
461 2827 500 2880 ὧν
518 2827 642 2895 ἑκάτερον
660 2827 701 2880 ἐπὶ
719 2836 751 2895 τῇ

192 2918 346 2986 ἀνθρωπίνη
357 2919 426 2985 ὁρμῇ
436 2917 613 2981 ὑποτέτακται,
628 2919 643 2969 ὃ
655 2916 687 2985 δὴ
702 2917 748 2985 ἐφ’

191 3008 253 3076 ἡμῖν
263 3007 308 3059 καὶ
318 3006 385 3059 κατά
394 3009 545 3075 προαίρεσιν
554 3007 659 3074 λέγεται.
678 3009 705 3060 Γ
701 3028 750 3059 ενι-

190 3098 308 3165 κώτερον
326 3096 355 3150 δὲ
372 3097 470 3164 μᾶλλον
492 3096 519 3148 τὸ
538 3095 583 3163 ἐφ’
609 3096 681 3163 ἡμῖν·
702 3097 750 3148 δύο

190 3185 238 3254 γάρ
261 3188 317 3254 εἴδη
337 3185 407 3238 τότ’
429 3185 460 3238 ἐκ
474 3185 577 3243 πάθους
596 3184 641 3236 καί
660 3185 749 3251 θυμοῦ

190 3274 207 3342 ἢ
231 3275 371 3341 ἐπιθυμίας
395 3275 424 3326 τό
449 3275 472 3327 τ’
498 3275 527 3336 ἐξ
549 3274 713 3341 ἐπιλογισμοῦ
733 3273 749 3341 ἢ

190 3365 317 3428 διανοίας,
345 3366 409 3431 ὅπερ
433 3365 483 3432 ἤδη
508 3363 574 3416 κατά
601 3364 751 3430 προαίρεσίν

190 3474 227 3512 τις
244 3455 319 3506 εἴποι.

804 424 850 484 τῆς
873 416 1011 484 διαμέτρου
1038 417 1084 469 καὶ
1111 425 1157 485 τῆς
1178 418 1304 484 πλευρᾶς,
1326 417 1364 470 ότι

805 504 982 573 ἀσύμμετροι·
1011 505 1068 558 ἀλλ’
1090 504 1152 558 οὐδὲ
1178 506 1237 572 περί
1260 512 1313 559 τῶν
1337 505 1365 557 ἐν

805 593 913 661 κινήσει,
928 594 967 647 ἀεί
982 593 1012 647 δὲ
1025 592 1092 646 κατὰ
1106 593 1184 646 ταύτά
1199 593 1365 661 γιγνομένων,

805 683 851 735 εἴτ’
872 683 901 745 ἐξ
919 682 1034 751 ἀνάγκης
1053 685 1103 735 εἴτε
1125 682 1171 735 καὶ
1189 682 1267 750 φύσει
1286 681 1302 749 ἢ
1322 681 1365 733 διά

806 792 861 824 τινα
888 772 970 824 αἰτίαν
992 771 1085 839 ἀλλην,
1112 771 1167 823 οἷον
1190 777 1294 837 τροπῶν
1319 770 1364 822 καὶ

805 859 946 924 ἀνατολῶν·
966 858 1028 912 οὐδὲ
1036 859 1095 927 περὶ
1109 867 1162 912 τῶν
1171 859 1260 911 ἀλλοτε
1270 859 1364 922 ἄλλως,

806 949 861 1000 οἷον
879 948 990 1015 αὐχμῶν
1014 948 1059 1001 καὶ
1082 950 1202 1017 ὄμβρων·
1223 945 1284 998 οὐδὲ
1305 945 1365 1012 περὶ

806 1045 859 1089 τῶν
886 1037 937 1090 ἀπὸ
960 1039 1053 1107 τύχης,
1082 1038 1136 1090 οἷον
1158 1038 1297 1105 θησαυροῦ
1322 1035 1364 1087 εὑ-

805 1126 911 1193 ρέσεως.

872 1214 995 1287 metaph.
1005 1215 1039 1283 X,
1049 1212 1068 1274 8
1077 1231 1105 1286 p.
1121 1211 1226 1274 1064b
1238 1210 1364 1284 SOsqq.:

799 1305 856 1358 Ὅτι
884 1305 910 1358 δ’
941 1305 999 1357 οὐδ’
1021 1305 1189 1372 ἐνδεχόμενόν
1216 1303 1283 1355 ἐστιν
1301 1301 1365 1354 εἶναι

805 1401 850 1446 τοῦ
878 1395 1075 1463 συμβεβηκότος
1101 1393 1255 1460 ἐπιστήμην,
1284 1413 1363 1460 φανε-

805 1483 852 1551 ρὸν
880 1485 949 1537 ἐσται
976 1485 1138 1552 πειραθεῖσιν
1165 1486 1229 1537 ι’δεῖν
1255 1484 1281 1534 τί
1302 1481 1361 1534 ποτ’

805 1575 856 1627 ἐστὶ
884 1575 912 1627 τὸ
931 1578 1107 1645 συμβεβηκός.
1136 1577 1196 1628 Πᾶν
1219 1576 1251 1643 δή
1278 1597 1365 1644 φαμεν

805 1663 869 1718 εἶναι
888 1665 916 1716 τὸ
934 1665 982 1732 μέν
995 1666 1035 1718 ἀεὶ
1054 1666 1099 1718 καὶ
1118 1666 1146 1727 ἐξ
1164 1665 1280 1733 ἀνάγκης
1296 1705 1364 1728 .,..,

806 1753 833 1805 τὸ
852 1754 878 1807 δ’
896 1755 933 1812 ὡς
951 1754 992 1806 ἐπί
1007 1754 1034 1806 τὸ
1052 1751 1127 1817 πολύ,
1147 1754 1176 1806 τὸ
1195 1755 1221 1806 δ’
1243 1754 1304 1806 οὔθ’
1327 1753 1364 1811 ὡς

805 1843 846 1894 ἐπὶ
866 1843 893 1894 τὸ
906 1843 973 1896 πολὺ
993 1844 1048 1896 οὔτ’
1070 1843 1110 1896 ἀεὶ
1129 1844 1174 1896 καὶ
1193 1844 1222 1906 ἐξ
1240 1843 1364 1911 ἀνάγκης,

804 1932 861 1984 ἀλλ’
887 1935 959 1990 ὅπως
981 1934 1080 2000 ἔτυχεν·
1105 1934 1160 1985 οἷον
1182 1933 1223 1985 ἐπὶ
1246 1932 1305 1985 κυνί
1324 1932 1364 1999 γέ-

804 2027 867 2079 νοιτ’
889 2026 921 2079 ἀν
938 2034 1039 2094 ψῦχος,
1061 2026 1125 2079 ἀλλά
1151 2027 1220 2079 τοῦτ’
1242 2027 1304 2079 οὔθ’
1327 2027 1364 2084 ὥς

804 2116 843 2168 ἀεὶ
866 2116 911 2169 καί
934 2116 963 2178 ἐξ
985 2117 1100 2184 ἀνάγκης
1124 2116 1186 2168 οὔθ’
1212 2116 1249 2174 ὡς
1272 2116 1313 2167 ἐπὶ
1336 2115 1364 2167 τὸ

803 2205 869 2258 πολὺ
895 2208 1016 2273 γίγνεται,
1042 2208 1156 2274 συμβαίη
1184 2204 1213 2257 δὲ
1236 2205 1295 2258 ποτ’
1323 2205 1363 2256 ἀν.

806 2294 854 2366 (cf.
878 2293 960 2366 phys,
985 2294 1022 2362 ΙΙ,
1049 2291 1068 2353 8
1092 2310 1121 2364 p.
1150 2291 1362 2364 199a1sqq.).

872 2916 928 2973 eth.
944 2916 980 2973 ad
991 2914 1100 2972 Nicom.
1116 2915 1159 2970 111
1175 2911 1234 2986 4p.
1249 2912 1331 2973 1111
1345 2913 1363 2969 b

806 3005 846 3066 29
858 3023 918 3079 Sq.:
934 3008 1003 3065 ὅλως
1017 3006 1065 3074 γὰρ
1081 3007 1165 3058 ἔοικεν
1183 3005 1199 3073 ἡ
1214 3008 1364 3072 προαίρεσις

803 3096 862 3164 περὶ
881 3096 912 3149 τὰ
930 3096 975 3164 ἐφ’
997 3097 1058 3164 ἡμῖν
1076 3095 1148 3148 εἶναι.

870 3183 939 3241 ibid.
962 3201 991 3255 p.
1021 3181 1127 3242 1112a
1155 3179 1247 3254 l5sq.
1270 3184 1286 3251 ἡ
1315 3182 1363 3250 γὰρ

803 3277 953 3343 προαίρεσις
970 3274 1035 3341 μετὰ
1053 3275 1130 3343 λόγου
1149 3275 1194 3326 καὶ
1213 3275 1335 3331 διανοίας.

278 3597 311 3653 In
331 3595 375 3653 his
395 3595 478 3653 rebus
498 3594 706 3668 investigandis
725 3595 791 3652 felix
805 3594 949 3652 inventum
968 3612 1011 3651 me
1031 3594 1126 3652 docuit
1141 3593 1273 3651 maiorem
1297 3609 1363 3665 par-

188 3687 246 3743 tem
270 3702 333 3758 cap.
360 3683 376 3744 7
403 3703 435 3741 ex
458 3684 622 3742 Aristotelis
646 3684 754 3758 physic.
779 3684 851 3741 libro
875 3685 904 3740 11
927 3686 1076 3742 consutam
1100 3701 1171 3741 esse.

279 3810 312 3866 de
354 3810 413 3867 faio
453 3808 481 3870 7.
525 3811 593 3878 Περὶ
634 3810 664 3864 δὲ
704 3819 749 3879 τῆς

191 3903 271 3970 τύχης
289 3901 334 3954 καί
358 3909 402 3954 τοῦ
431 3901 590 3969 αὐτομάτου,
609 3902 655 3954 καί
677 3903 705 3954 εἴ
727 3922 749 3954 τι

188 3990 259 4059 παρὰ
287 3999 366 4045 ταῦτα
385 3993 536 4058 θεωρεῖται,
559 3999 606 4044 νῦν
629 3991 690 4059 ἡμῖν
708 3992 749 4044 λε-

189 4080 271 4133 κτέον.
308 4081 398 4134 Αἴτιον
415 4079 463 4147 μὲν
482 4079 551 4148 δὴὴ
577 4082 650 4148 τύχη.
691 4081 750 4134 Τῶν

190 4169 216 4221 δ’
246 4170 335 4222 αἰτίων
358 4169 388 4222 τά
415 4168 464 4238 μὲν
489 4170 555 4222 καθ’
579 4169 643 4222 αὑτά
667 4169 697 4222 τὰ
721 4169 750 4222 δὲ

190 4258 258 4312 κατὰ
290 4261 471 4328 συμβεβηκός·
512 4260 579 4322 οἷον,
616 4259 700 4317 οἶκίας
733 4258 749 4326 ἢ

189 4348 257 4406 νεὼς
284 4349 351 4401 καθ’
383 4348 445 4401 αὑτὸ
472 4347 520 4416 μέν
545 4349 624 4413 αἴτιον
656 4348 685 4400 τό
712 4349 749 4401 σι’-

189 4437 337 4505 κοδομικὸν
364 4438 410 4490 καί
433 4438 461 4490 τό
488 4439 662 4505 ναυπηγικόν·
682 4436 749 4490 κατὰ

871 3808 952 3882 phys.
986 3810 1023 3867 ΙΙ.
1059 3805 1089 3867 4.
1123 3826 1151 3880 p.
1187 3803 1268 3868 195b
1306 3804 1362 3865 31:

804 3900 912 3969 Λέγεται
931 3900 1023 3953 δὲκαὶ
1046 3901 1062 3967 ἦ
1087 3900 1151 3967 τύχη
1176 3899 1221 3952 καί
1240 3899 1269 3952 τό
1288 3898 1363 3951 αὐτό-

802 4012 884 4058 ματον
903 3997 955 4043 τῶν
973 3991 1063 4043 αἰτίων
1081 3990 1135 4042 κτλ.
1187 3996 1191 4002 ’

870 4078 938 4135 ibid.
978 4075 1007 4137 5.
1049 4096 1077 4149 p.
1120 4071 1199 4137 196¹)
1228 4076 1267 4136 21
1285 4094 1362 4149 sqq.:

799 4172 871 4224 Ἔστι
885 4169 910 4221 δ’
927 4169 1004 4222 ἕνεκά
1019 4190 1063 4221 του
1078 4170 1125 4220 ὅσα
1140 4189 1166 4220 τε
1184 4167 1235 4220 ἀπὸ
1250 4170 1364 4226 διανοίας

804 4259 835 4311 ἀν
860 4259 992 4326 πραχθείη
1020 4258 1065 4311 καί
1093 4260 1142 4310 όσα
1169 4257 1220 4311 ἀπὸ
1249 4258 1363 4326 φύσεως.

806 4347 844 4401 Τὰ
858 4347 890 4417 δὴ
906 4355 1018 4412 τοιαῦτα,
1038 4349 1099 4400 ὅταν
1112 4346 1178 4400 κατὰ
1195 4346 1364 4417 συμβεβηκός

802 4438 913 4506 γένηται,
927 4437 978 4490 ἀπὸ
988 4438 1068 4506 τύχης
1082 4436 1169 4505 φαμὲν
1182 4437 1258 4490 εἶναι·
1275 4439 1363 4505 ὥσπερ

1168 4534 1204 4589 3*
