3126 5002
717 235 939 299 ,30-

243 417 347 489 quiex
379 416 492 473 Tirnaeo
516 415 635 473 affertur
666 416 754 473 multo
787 416 897 473 brevior
925 419 952 474 et
979 415 1071 474 minus
1095 416 1249 473 concinnus
1273 416 1420 474 exhibetur

243 523 328 578 quarn
351 506 427 578 apud
451 505 632 562 chalcidium.
679 505 828 562 Praeterea
857 522 889 562 ea
917 505 1004 562 verba
1026 505 1126 562 horum
1150 505 1288 578 capitum,
1314 506 1418 578 quihus

243 595 459 652 commentarius
475 597 560 664 caret,
584 594 625 651 nil
645 597 711 652 sunt
725 594 780 652 nisi
794 593 974 667 ineptissima
988 595 1191 664 additamenta,
1217 612 1289 667 quae
1308 595 1419 652 nullum

243 683 349 757 ingenii
373 701 488 741 acumen
513 684 633 756 spirant.
670 683 734 740 Huc
757 683 902 741 referenda
926 685 970 741 est
988 683 1224 757 praefatiuncula,
1250 701 1306 756 qua
1330 701 1418 757 opus-

243 774 337 830 culum
360 773 456 830 Pisoni
488 773 600 830 cuidam
631 772 669 829 ab
702 775 816 830 auctore
848 772 1002 831 dedicatur.
1050 774 1128 830 Idem
1155 772 1287 846 scriptor
1303 774 1337 831 de
1366 790 1418 831 suo

243 862 353 920 addidit
380 880 451 935 quae
480 862 515 918 ad
544 861 750 934 disputationes
779 863 918 934 quasdam
946 862 974 918 in
1003 862 1101 919 schola
1125 864 1153 919 et
1174 861 1290 919 habitas
1314 864 1343 919 et
1366 863 1418 919 ha-

242 951 351 1008 bendas
375 953 516 1023 spectant.
563 951 649 1007 Porro
674 951 864 1023 compilatoris
889 953 969 1020 sunt,
995 968 1067 1023 quae
1090 951 1154 1008 inde
1178 968 1195 1007 a
1219 951 1419 1008 6611161661-

242 1063 285 1109 μει
303 1042 351 1110 μὲν
369 1041 557 1097 οὗν6661111116
585 1041 677 1112 capite
706 1042 827 1097 extremo
856 1040 998 1113 leguntur.
1046 1040 1139 1097 Tertio
1173 1040 1291 1112 denique
1324 1042 1418 1113 capite

244 1130 421 1187 enuntiatum
444 1147 461 1185 a
484 1129 578 1186 verbis
601 1132 638 1189 τίς
655 1130 703 1197 μὲν
722 1130 768 1183 οὗν
791 1129 927 1201 incipiens
952 1131 979 1186 et
1002 1129 1222 1187 insulsissimum
1250 1130 1283 1186 de
1306 1130 1418 1187 iteratis

243 1218 386 1276 hominum
415 1219 647 1291 occupationibus
671 1219 894 1276 additamentum
903 1213 926 1292 ¹)
956 1219 1091 1276 orationis
1115 1235 1215 1275 nexum
1239 1219 1333 1291 magis
1356 1221 1418 1277 tur-

243 1307 315 1365 bant
338 1325 422 1379 quam
447 1308 605 1380 expediunt.
643 1307 696 1365 His
721 1307 852 1365 omnibus
877 1307 1096 1380 circumspectis,
1121 1324 1185 1365 cum
1208 1308 1307 1380 procul
1331 1309 1418 1365 dubio

244 1397 436 1470 compilatoris
464 1397 611 1454 vanissimi
639 1414 739 1454 manus
767 1397 796 1453 in
824 1396 872 1454 illo
901 1397 934 1453 de
958 1396 1017 1454 fato
1041 1396 1137 1454 hhello
1161 1397 1324 1470 agnoveris,
1350 1397 1418 1469 quin

244 1503 306 1543 eum
330 1502 392 1543 curn
417 1485 538 1542 Gerckeo
563 1504 580 1542 a
604 1486 756 1543 Plutarcho
780 1485 995 1543 abiudicaturus
1019 1485 1068 1556 sis,
1093 1485 1188 1543 nullus
1212 1486 1320 1544 dubito.

333 1575 523 1632 Transeamus
537 1592 612 1632 nunc
627 1576 662 1632 ad
678 1592 711 1631 ea
735 1593 807 1647 quae
822 1575 927 1632 Gercke
952 1575 1044 1632 minus
1067 1577 1141 1632 recte
1164 1575 1274 1633 videtur
1297 1575 1418 1633 admini-

244 1667 362 1722 strasse.
409 1664 465 1721 Res
496 1664 570 1721 enim
597 1665 735 1736 quasdam
763 1664 923 1736 quaestioni
954 1664 1074 1721 maxime
1106 1665 1282 1722 necessarias
1306 1664 1418 1722 silentio

244 1753 397 1825 praeteriit.
445 1753 540 1811 Veluti
563 1770 679 1811 causam
708 1771 840 1827 quaerere
864 1753 996 1822 debebat,
1022 1769 1084 1822 cur,
1114 1769 1176 1811 curn
1205 1754 1338 1811 continua
1361 1754 1419 1811 fere

245 1842 333 1899 oratio
357 1843 441 1899 trium
466 1843 578 1901 illomm
602 1843 726 1915 capitum
749 1845 887 1915 congruat
911 1859 974 1899 cum
993 1842 1130 1899 Chalcidii
1153 1842 1256 1900 Latina
1279 1843 1417 1913 versione,

245 1931 343 2004 reliqui
372 1933 466 1988 tamen
495 1931 549 1989 loci
578 1933 624 2005 qui
654 1932 834 1989 consentiunt
861 1931 983 1990 frustula
1010 1934 1123 1989 tanturn
1152 1932 1210 1989 siut
1232 1949 1322 2005 neque
1345 1933 1420 1990 inter

244 2038 274 2078 se
299 2037 403 2077 conexa
427 2038 515 2093 neque
540 2022 634 2078 eodem
659 2021 754 2078 ordine
783 2021 886 2093 posita.
934 2021 1026 2090 Quam
1049 2038 1107 2077 rem
1130 2037 1194 2078 cum
1216 2039 1251 2078 ne
1274 2038 1330 2079 uno
1354 2022 1418 2094 qui·

245 2110 306 2167 dem
330 2110 414 2165 verbo
433 2109 566 2182 tetigerit,
592 2110 663 2166 idem
682 2127 738 2166 non
758 2109 899 2181 explicuit,
925 2111 1061 2182 quomodo
1080 2109 1188 2167 factum
1211 2110 1258 2179 sit,
1282 2113 1315 2168 ut
1334 2110 1418 2168 Chal-

245 2198 309 2256 cidii
338 2215 420 2270 capp.
452 2197 640 2266 148-150,
668 2192 761 2271 1792)
796 2201 824 2256 et
856 2199 889 2255 de
921 2198 980 2256 fato
1013 2198 1102 2255 libelli
1125 2215 1208 2271 capp.
1234 2197 1264 2269 4,
1290 2197 1309 2259 5
1333 2200 1418 2258 rebus

245 2288 364 2360 quidem,
389 2288 517 2344 sednon
541 2287 634 2345 verbis
658 2287 817 2345 concinant.
859 2287 966 2344 Deinde
990 2287 1125 2344 chalcidii
1147 2288 1242 2346 verbis
1265 2305 1321 2345 non
1346 2289 1419 2346 satis

245 2376 412 2433 examinatis
445 2376 588 2434 contendit
622 2377 653 2448 (l.
683 2377 702 2433 l.
734 2394 761 2448 p.
799 2375 875 2449 279)
909 2379 1156 2434 commentatorem
1184 2377 1291 2434 'l'imaei
1324 2393 1419 2435 carere

243 2465 435 2537 tripartitione
458 2465 649 2537 providentiae
674 2468 702 2523 et
725 2466 846 2535 deorum,
872 2483 944 2538 quae
967 2466 995 2523 in
1019 2467 1163 2538 personati
1183 2466 1329 2524 Plutarchi
1352 2483 1376 2525 e.
1397 2465 1418 2527 9

245 2555 408 2626 reperiatur.
455 2555 571 2612 Utinam
600 2555 746 2628 paululum
774 2555 1031 2627 circumspexisset!
1078 2554 1154 2612 Nam
1182 2558 1281 2613 auctor
1309 2572 1419 2628 quoque

245 2644 437 2701 commentarii
460 2644 594 2702 discernit
617 2662 640 2702 c.
666 2642 726 2704 186
750 2644 823 2701 inter
845 2647 903 2702 tres
927 2644 1107 2702 snbstantias
1130 2644 1174 2702 vel
1198 2645 1274 2714 dece,
1299 2661 1419 2717 quorum

245 2751 383 2791 summurn
411 2733 567 2801 iubentem,
601 2733 754 2790 secundum
785 2733 974 2802 ordinantem,
1007 2733 1121 2790 tertium
1148 2733 1351 2791 vaticinantem
1373 2734 1418 2791 in-

245 2822 332 2879 duxit.
370 2822 432 2879 Hoc
446 2823 516 2890 loco,
533 2839 615 2894 quern
629 2821 762 2891 Nemesii‚
782 2822 1045 2893 Pseudoplutarchi,
1061 2822 1164 2894 Apulei
1177 2823 1248 2880 16616
1263 2840 1279 2879 a
1295 2823 1418 2880 Gerckeo

246 2910 277 2983 (l.
302 2910 321 2968 l.
345 2928 374 2982 p.
400 2909 463 2970 285
479 2913 535 2983 sq.)
564 2910 592 2966 in
621 2910 858 2982 comparationem
886 2912 995 2968 vocatis
1024 2911 1323 2985 adiungioptabilius
1347 2913 1418 2982 erat,

245 3000 338 3057 sidera
357 2999 468 3071 quidem
488 3016 544 3056 non
567 2999 748 3056 nominantur
772 3016 813 3067 ea,
839 3017 910 3071 quae
934 3000 963 3057 in
986 3001 1090 3057 mundo
1109 3000 1293 3073 gubernando
1317 3018 1418 3059 secun-

245 3090 310 3146 dum
334 3089 425 3145 locum
449 3088 605 3157 obtineant,
630 3088 678 3145 sed
698 3105 715 3144 a
739 3089 861 3146 secundo
886 3090 936 3146 deo
959 3089 1136 3163 providentia
1159 3090 1261 3147 summi
1284 3090 1328 3147 dei
1351 3107 1418 3162 pro·

245 3181 339 3235 creato
362 3172 451 3250 ‘leges
484 3177 629 3249 utriusque
661 3177 749 3234 vitae’
783 3178 844 3234 dari
868 3180 964 3250 aperte
989 3179 1099 3236 dicitur.
1140 3177 1242 3236 Nonne
1264 3179 1321 3236 fere
1345 3178 1418 3236 idem

245 3269 301 3336 est,
327 3267 351 3324 si
375 3267 408 3323 de
435 3266 487 3324 fat.
513 3283 537 3324 c.
562 3265 582 3326 9
606 3267 705 3336 astris,
737 3267 785 3339 qui
809 3270 923 3336 δεύτεροι
947 3271 1008 3323 θεοί
1033 3268 1228 3340 appellantur,
1257 3268 1419 3326 mortalium

245 3373 335 3415 rerum
359 3356 527 3429 gubernatio
551 3355 735 3428 assignatur?
776 3357 902 3425 Accedit,
927 3358 1010 3429 quod,
1035 3359 1067 3414 ut
1090 3357 1119 3413 in
1142 3357 1191 3414 illo
1215 3356 1309 3414 libello
1332 3357 1418 3414 tertia

245 3446 420 3519 prOVidclltia
448 3448 491 3503 cst
519 3446 686 3502 daemonum
707 3447 845 3518 tanquan]
868 3454 921 3500 τῶν
943 3447 1120 3515 ἀνθρωπίνων
1142 3448 1266 3516 πράξεων
1288 3448 1419 3516 φυλάκων

244 3537 289 3589 καὶ
308 3537 467 3598 ἐπισκόπων,
486 3534 526 3590 ita
541 3534 570 3590 in
590 3535 789 3591 commentario
803 3534 887 3591 tertia
902 3534 1065 3592 substantia
1089 3536 1239 3593 daemones
1262 3528 1418 3607 ‘inspecta-

243 3625 320 3680 tores
344 3623 591 3695 speculatoresque
618 3623 787 3680 rneritorum’
812 3623 945 3681 continet.
989 3624 1058 3680 Inde
1082 3624 1143 3681 luce
1167 3624 1272 3682 clarius
1296 3641 1418 3697 cognos-

245 3713 317 3770 citur
341 3712 477 3769 Chaloidii
509 3712 595 3769 verba
627 3713 664 3768 ab
697 3714 810 3769 auctore
843 3713 876 3768 do
908 3711 968 3769 fato
1001 3712 1089 3770 libelli
1120 3714 1189 3770 adeo
1213 3731 1270 3771 non
1294 3713 1419 3786 expilata

245 3819 316 3870 esse,
341 3804 373 3859 ut
396 3801 442 3858 ille
466 3801 663 3873 simpliciorem
689 3801 773 3859 huius
796 3800 886 3857 libelli
909 3801 1066 3858 doctrinam
1090 3802 1291 3860 additamentis
1316 3802 1418 3860 obseu-

245 3891 324 3948 rarit.
362 3890 436 3947 Nam
456 3890 498 3947 illi
521 3891 705 3963 tripartitioni
730 3891 842 3947 deorum
859 3889 977 3958 addidit,
1001 3893 1033 3948 ut
1056 3891 1097 3948 ita
1121 3892 1221 3961 dicam,
1247 3891 1419 3949 dualismum

219 3980 399 4051 quendam,
429 3997 482 4052 quo
510 3980 583 4037 inter
609 3975 825 4052 ‘providentiam
854 3980 954 4037 summi
984 3981 1036 4037 dei'
1060 3983 1087 4038 et
1110 3975 1273 4038 ‘secundam
1298 3982 1419 4037 mentem

245 4067 484 4141 intellecturnque’·
511 4069 703 4141 distinguitur.
751 4070 811 4138 Quo
841 4070 916 4127 facto
945 4069 1104 4126 discrimine
1133 4069 1224 4126 solum
1253 4070 1282 4125 in
1310 4069 1418 4141 priores

336 4292 356 4358 ¹)
371 4291 417 4346 df.
437 4292 548 4346 Gercke.
568 4309 635 4345 mus.
655 4293 740 4346 Rhen.
760 4294 792 4345 41
813 4309 839 4359 p.
859 4294 918 4346 291.

335 4361 355 4430 2)
376 4362 453 4428 Quod
467 4363 598 4416 Wrobelii
613 4364 705 4431 editio,
726 4380 780 4430 qua
795 4364 899 4416 (berche
914 4379 979 4416 116116
999 4370 1048 4431 est,
1068 4365 1133 4417 mihi
1152 4371 1262 4432 praesto
1281 4363 1417 4432 nonfuit,

245 4447 371 4485 numeros
390 4433 454 4486 edit.
475 4434 549 4487 Mull.
570 4434 678 4503 (fragm.
698 4436 743 4502 ph.
762 4451 803 4502 gr.
823 4434 861 4503 ΙΙ)
881 4450 986 4500 6661161.
