3126 5002
627 257 849 318 -15-

147 439 294 496 fabulatus
315 441 375 495 erat
400 437 447 511 (cf.
471 437 565 494 Laert.
581 437 662 509 Diog.
679 437 730 506 ΙΙΙ,
759 435 785 504 1,
813 435 854 506 2),
880 437 921 494 sic
935 437 1107 494 Xenocrates
1131 439 1323 511 Pythagoram

147 547 256 601 quoquo
280 527 412 600 Apolline
435 529 533 583 natum
558 544 619 583 esse
643 525 844 596 affirmaverat,
870 526 1007 598 siquidem
1031 527 1186 584 Iamblicho
1217 528 1250 584 de
1273 528 1322 585 vit.

147 619 230 692 Pyth.
255 619 292 686 ΙΙ,
310 615 338 684 7,
364 616 442 673 cuins
466 615 630 673 testimonio
654 615 750 672 Rohde
776 617 859 687 (mus.
876 616 964 672 lthen.
990 614 1030 675 27
1056 633 1083 687 p.
1105 615 1146 675 23
1163 618 1218 688 sq.)
1244 617 1326 673 fidem

148 706 302 780 derogavit,
328 706 437 762 credere
461 705 514 762 vis.
560 704 630 760 Mihi
654 704 765 777 quidem
788 704 856 761 talis
881 705 1007 761 narratio
1032 722 1049 761 a
1074 705 1254 763 Chalcedonii
1279 724 1325 762 ra-

147 797 236 865 tione,
267 795 369 866 quippe
398 795 445 867 qui
474 794 589 851 nimium
613 793 740 867 mysticis
764 794 848 851 robus
877 794 1030 863 studuerit,
1060 811 1116 850 non
1140 795 1250 852 videtur
1274 796 1326 852 ah-

147 887 264 944 horrere.
291 884 409 940 llidem
434 884 513 940 illam
537 883 570 939 de
594 883 727 940 Saturnio
752 885 778 940 et
809 883 993 940 daemonibus
1017 883 1153 940 fabellam
1178 885 1326 957 assignare

146 992 202 1031 non
226 975 334 1031 duhito.

235 1064 314 1120 Haec
338 1063 432 1120 omnia
456 1061 481 1118 si
504 1061 740 1132 reputaverimus,
771 1079 839 1118 sane
863 1079 973 1119 summa
997 1079 1060 1119 cum
1082 1062 1140 1119 veri
1164 1063 1325 1120 similitudi-

146 1154 191 1211 nis
216 1153 308 1225 specie
333 1151 532 1209 contendemus
551 1150 631 1207 illam
655 1151 773 1207 alteram
797 1153 924 1221 mortem,
950 1169 1006 1223 qua
1030 1152 1180 1209 daemones
1205 1152 1327 1209 oraculis

148 1244 250 1315 quibus
275 1244 412 1313 praesunt
437 1240 600 1312 eripiuntur,
625 1257 681 1296 non
706 1239 876 1310 discordare,
901 1241 950 1298 sed
975 1241 1077 1312 optime
1101 1241 1245 1298 concinere
1266 1258 1327 1298 curn

148 1333 263 1404 placitis
287 1330 461 1388 Xenocratis,
508 1329 637 1397 Accedit,
663 1329 737 1401 quod
762 1329 816 1386 duo
848 1329 1009 1401 philosophi
1037 1330 1203 1387 Xenocratis
1234 1333 1328 1387 aetate

148 1421 320 1493 superioreS,
354 1436 470 1491 quorum
503 1419 638 1490 dogmata
670 1418 715 1474 hic
747 1418 869 1476 fortasse
902 1419 930 1475 in
960 1437 1040 1476 suum
1069 1437 1152 1477 usum
1179 1420 1326 1488 convertit,

148 1511 238 1567 similo
263 1509 403 1581 quoddam
428 1508 461 1564 de
485 1507 670 1565 daemonibus
699 1509 870 1565 statuerunt.
917 1507 992 1564 Nam
1017 1509 1049 1565 de
1073 1509 1246 1581 imaginibus
1271 1510 1326 1565 De-

146 1599 269 1666 mocriti,
295 1615 366 1669 quas
395 1613 456 1653 cunr
482 1597 667 1653 daemonibus
692 1596 838 1654 contrudit
866 1596 1036 1654 Plutarchus
1066 1599 1111 1669 (de
1140 1597 1194 1655 def.
1220 1615 1259 1656 or.
1287 1596 1325 1658 17

146 1706 173 1759 p.
200 1686 305 1759 419²),
340 1687 440 1743 Sextus
468 1685 626 1758 llmpiricus
660 1686 723 1743 adv.
762 1686 850 1743 math.
886 1686 937 1755 ΙΙΙ,
973 1685 1013 1746 19
1046 1687 1193 1759 perspicue
1224 1687 1326 1744 tradit:

146 1778 209 1831 εἶναι
229 1778 354 1831 δὲταῦτα
372 1777 470 1845 μεγάλα
489 1798 515 1828 τε
534 1777 579 1829 καὶ
598 1778 735 1844 ὑπερφυῆ,
754 1776 799 1828 καὶ
818 1777 976 1844 δύσφθαρτα
994 1777 1054 1843 μέν,
1078 1778 1127 1829 οὐκ
1146 1779 1272 1845 ἄφθαρτα
1291 1777 1328 1839 δὲ,

146 1869 333 1934 προσημαίνειν
352 1889 377 1918 τε
397 1867 426 1919 τὰ
444 1867 569 1933 μέλλοντα
588 1875 640 1924 τοῖς
659 1867 824 1932 ἀνθρώποις,
842 1867 1016 1934 θεωρούμενα
1035 1867 1080 1919 καὶ
1099 1867 1191 1934 φωνὰς
1210 1867 1326 1934 ἀφιέντα.

148 1955 224 2010 ldem
258 1955 314 2010 fere
346 1954 375 2010 in
408 1952 604 2025 Empedoclem
638 1953 728 2022 cadit,
763 1954 842 2011 cuius
874 1954 1035 2026 philosophi
1065 1953 1325 2027 pythagorissantis

148 2043 276 2100 doctrina
290 2043 474 2100 Xenocratem
493 2061 576 2100 usum
591 2060 652 2099 esse
672 2060 704 2098 err
718 2043 788 2099 locis
812 2061 899 2114 supra
922 2060 950 2114 p.
968 2041 1041 2116 8sq.
1067 2044 1139 2100 inter
1159 2061 1188 2100 se
1213 2043 1325 2100 collatis

148 2135 175 2188 et
198 2132 369 2204 comparatis
394 2132 536 2204 apparuit.
584 2130 637 2188 Hic
664 2131 815 2189 daemones
838 2149 894 2188 non
919 2133 1114 2204 sempiternos,
1140 2132 1189 2188 sed
1211 2135 1325 2200 μακραί-

147 2244 216 2280 ωνας
242 2221 397 2278 nominavit
427 2221 474 2294 (cf.
509 2221 584 2278 Plut.
615 2221 648 2277 de
680 2220 733 2278 def.
764 2238 803 2278 or.
838 2219 880 2280 20
908 2239 936 2294 p.
967 2217 1062 2281 laod.
1109 2221 1189 2278 Mull.
1223 2221 1325 2293 fragm.

146 2310 192 2382 ph.
216 2329 258 2382 gr.
287 2312 296 2366 l
320 2328 348 2382 p.
377 2309 390 2368 l
418 2328 444 2367 v.
470 2308 512 2382 5).

235 2400 288 2457 His
305 2400 479 2472 argumentis
490 2399 589 2471 opinor
599 2399 865 2467 demonstravimus,
882 2399 956 2471 quod
966 2399 1049 2455 nohis
1064 2401 1125 2455 erat
1139 2399 1324 2470 propositum.

147 2490 261 2544 Summa
276 2488 352 2545 illius
372 2488 556 2559 quaestionis,
581 2488 686 2559 quade
710 2488 765 2545 def.
790 2504 830 2544 or.
855 2488 991 2545 divinatio
1016 2488 1053 2544 ad
1072 2488 1222 2545 daemones
1245 2505 1325 2545 revo-

148 2579 237 2643 catur,
262 2576 365 2647 partim
390 2580 485 2647 aperte
509 2594 542 2632 ex
563 2576 731 2633 Xenocratis
760 2577 974 2649 daemonologia
1002 2579 1117 2648 sumpta
1141 2579 1197 2645 est,
1222 2577 1325 2648 partim

148 2664 299 2721 artissimis
322 2665 442 2722 vinculis
466 2681 529 2722 cum
552 2682 586 2721 ea
609 2665 747 2722 cohaeret.

235 2755 350 2822 Restat,
376 2756 408 2810 ut
431 2772 478 2823 ea,
503 2770 576 2826 quae
600 2754 743 2811 Plutarchi
768 2755 931 2812 auctoritati
959 2755 1127 2827 imputanda
1151 2772 1213 2811 esse
1237 2755 1325 2811 credi-

146 2861 222 2911 mus,
255 2843 354 2914 paucis
383 2860 593 2914 persequamur.
640 2843 764 2900 Primum
787 2844 981 2916 unusquisque
1011 2844 1162 2916 perspiciet
1186 2845 1222 2900 ad
1246 2844 1324 2900 illurn

146 2933 234 2988 redire
258 2935 488 3004 argumentorum
512 2932 725 3004 dispositionem
749 2935 777 2990 et
801 2933 907 3005 dialogi
931 2933 1061 2991 indolem.
1105 2933 1212 2989 Deinde
1234 2935 1326 2990 totam

145 3021 335 3078 narrationem
355 3021 501 3078 Plutarchi
526 3021 615 3093 ipsius
639 3021 840 3079 additamentis
865 3023 955 3079 omnis
979 3022 1100 3095 generis
1125 3040 1197 3093 quae
1221 3023 1325 3079 laxiore

146 3127 219 3165 nexu
243 3110 411 3167 cohaereant
434 3127 496 3166 cum
520 3110 750 3183 daemonologiae
780 3112 969 3183 argumentis,
999 3112 1102 3183 ubique
1126 3114 1235 3168 scatere
1258 3111 1325 3168 mihi

148 3199 257 3269 quidem
286 3215 452 3270 persuasum
485 3202 536 3257 ost.
585 3200 625 3255 De
653 3217 704 3257 suo
735 3200 858 3257 fortasse
882 3200 992 3257 addidit
1015 3201 1148 3257 sacerdos
1173 3201 1324 3272 Delphicus

148 3305 219 3358 quae
239 3304 262 3345 o.
283 3285 320 3346 15
345 3287 378 3343 de
401 3306 454 3345 usu
479 3288 600 3360 quodam
617 3288 750 3360 Delphico
775 3292 936 3346 narrantur.
975 3291 1061 3347 Porro
1086 3289 1238 3346 nonnullae
1262 3307 1325 3346 cum

147 3377 248 3433 Stoicis
269 3379 296 3433 et
315 3371 492 3450 Epicureis¹)
513 3378 705 3434 contentiones
725 3381 841 3449 propter
857 3382 1013 3449 temporum
1033 3379 1170 3435 rationem
1195 3396 1212 3435 a
1230 3379 1324 3435 Xeno-

146 3467 223 3522 crate
251 3464 457 3522 abiudicandae
485 3465 637 3538 genuinum
666 3467 783 3537 sapiunt
805 3467 950 3523 Plutarchi
978 3467 1121 3538 ingenium
1146 3482 1169 3526 c.
1195 3465 1245 3525 12.
1273 3465 1322 3526 19.

146 3552 197 3612 20.
245 3554 288 3610 Ad
314 3554 437 3611 Stoicam
461 3554 576 3611 Hesiodi
608 3555 867 3626 interpretationem
896 3555 972 3612 haud
1001 3556 1084 3612 dubie
1113 3557 1244 3626 spectant
1267 3557 1323 3612 De-

145 3643 236 3700 metrii
265 3643 351 3699 verha
379 3660 403 3700 c.
432 3642 468 3702 ll
499 3644 640 3716 nymphas
667 3661 756 3716 usque
785 3644 821 3700 ad
849 3645 895 3714 τὴν
914 3647 1064 3712 ἐκπύρωσιν
1087 3644 1238 3716 perdurare
1262 3645 1323 3716 opi-

144 3732 250 3789 nantis,
298 3731 378 3788 Unde
402 3749 466 3789 vero
490 3732 605 3789 fabulae
629 3733 663 3788 de
686 3733 842 3807 Aglaonice
867 3750 891 3790 c.
923 3728 1003 3805 132),
1028 3733 1062 3788 de
1086 3733 1160 3790 Molo
1185 3750 1208 3790 c.
1232 3732 1272 3792 14
1296 3736 1324 3791 et

144 3821 216 3877 mira
241 3820 290 3877 illa
313 3821 440 3878 narratio
466 3821 499 3877 de
518 3821 634 3879 interitu
657 3823 754 3895 magni
776 3823 864 3878 Panis
886 3822 1056 3878 Plutarchea
1079 3822 1209 3878 ubertate
1232 3822 1323 3879 relata

143 3909 172 3965 in
205 3909 350 3982 dialogum
383 3911 575 3979 manaverint,
608 3928 714 3983 nequeo
744 3904 920 3983 indagare3).
968 3910 1057 3967 Paulo
1086 3911 1189 3967 certius
1213 3911 1323 3982 prodire

143 4001 237 4070 potest
261 3999 394 4055 indicium
418 4000 452 4055 de
476 3999 570 4056 divino
594 4000 649 4056 isto
674 4000 731 4056 viro
756 4016 780 4056 c.
801 3999 843 4058 211
864 4002 979 4071 propter
1003 4017 1078 4056 mare
1102 3998 1216 4056 rubrum
1240 3999 1322 4056 habi-

232 4242 253 4343 }2)
273 4242 313 4295 Of.
329 4243 451 4308 Bemays
466 4242 612 4323 ‘Theophr
628 4242 702 4294 Schr.
718 4242 761 4295 ub.
777 4243 863 4295 From.
878 4242 914 4309 'p.
931 4242 989 4309 140,
1011 4242 1115 4295 Usener
1129 4242 1203 4308 Epic.
1219 4258 1245 4309 p.
1261 4242 1320 4295 369.

232 4314 253 4452 ³3
272 4313 832 4437 8011111112ῃὲηὲΐέἕὲοᾞῗιῗέηἶξῶτθΐθη
850 4384 956 4437 Plinius
975 4400 1081 4449 quoque
1101 4385 1136 4437 ad
1155 4384 1257 4438 Tiberii
1277 4401 1321 4438 ae·

142 4461 229 4507 tatem
248 4455 311 4508 hist.
331 4462 388 4508 nat.
408 4456 455 4523 IX,
476 4457 492 4507 5
511 4456 560 4523 (4),
581 4459 606 4509 9.
