3126 5002
653 270 852 332 ..9-

164 443 294 510 ραμύθια·
310 443 355 494 καὶ
370 442 501 500 τάςπάλαι
510 443 667 509 ποιουμένας
682 443 727 495 ἀν-

167 533 356 598 θρωποθυσίας
384 533 443 583 οὔτε
471 530 551 588 θεούς
576 531 726 598 ἀπαιτεῖνῆ

165 620 357 687 προσδέχεσθαι
366 621 478 672 πιθανόν
488 621 565 683 ἐστιν,
576 621 634 672 ούτε
643 620 728 688 μάτην

167 710 198 761 ἀν
225 708 344 776 ἐδέχοντο
371 710 484 777 βασιλεῖς
512 710 557 761 καί
583 710 728 776 στρατηγοί,

166 800 260 855 παῖδας
275 799 362 849 αύτῶν
377 799 532 855 ἐπιδιδόντες
542 799 587 850 καὶ
597 799 728 865 καταρχό-

166 907 238 953 μενοι
262 886 307 938 καὶ
331 886 497 952 σφάττοντες,
521 886 584 939 ἀλλὰ
607 887 729 953 χαλεπῶν

168 975 213 1027 καὶ
232 977 386 1041 δυστρόπων
401 974 480 1042 ὀργὰς
498 976 543 1027 καὶ
562 977 729 1044 βαρυθυμίας

167 1064 353 1131 ἀφοσιούμενοι
377 1064 422 1116 καί
441 1064 648 1131 ἀποπιμπλάντες
667 1065 728 1117 ἀλα-

168 1155 282 1220 στόρων·
303 1153 379 1204 ἐνίων
394 1152 422 1204 δὲ
435 1152 563 1218 μανικοὺς
578 1153 623 1205 καὶ
638 1174 730 1218 τνραν-

168 1241 258 1299 νικούς
289 1243 401 1307 ἔρωτας,
430 1242 461 1293 οὐ
490 1242 642 1308 δυναμένων
670 1240 731 1294 οὐδὲ

170 1330 338 1398 βουλομένων
353 1330 456 1397 σώμασι
476 1331 520 1382 κατ’
539 1330 582 1382 διὰ
601 1330 731 1395 σωμάτων

170 1421 274 1485 ὁμιλεῖν.
306 1419 370 1471 Ἀλλ’
393 1420 480 1484 ὥσπερ
497 1420 633 1486 Ἡρακλῆς
651 1420 731 1486 Οἰχα-

170 1510 226 1560 λίαν
249 1508 394 1573 ἐπολιόρκει
418 1506 460 1559 δίὰ
482 1508 628 1576 παρθένον,
647 1508 731 1565 οὕτως

175 1597 276 1664 ἰσχυροί
291 1598 336 1649 καί
345 1599 425 1664 βίαιοι
440 1598 569 1662 δαίμονες,
583 1596 731 1662 ε’ξαιτούμε·

171 1708 209 1738 νοι
235 1685 327 1754 ιγυχίγν
351 1685 521 1752 ἀνθρωπίνην
545 1685 733 1753 περιεχομένην

171 1778 280 1840 σώματι,
299 1775 344 1826 καὶ
366 1773 408 1826 διά
432 1775 563 1841 σωμάτων
586 1775 683 1841 ὁμιλεῖν
701 1775 732 1827 οὐ

174 1864 312 1930 δυνάμενοι
340 1863 432 1931 ταύτῃ,
460 1864 566 1929 λοιμούς
595 1885 620 1914 τε
645 1864 734 1915 πόλεσι

173 1952 217 2004 καί
249 1960 295 2019 γης
321 1951 434 2018 άφοριάς
459 1952 596 2020 ἐπάγουσι,
620 1952 665 2004 καὶ
687 1974 734 2004 πο-

172 2041 267 2107 λέμους
286 2040 331 2092 καὶ
352 2040 452 2098 στάσεις
466 2040 640 2106 ταράττουσιν,
660 2042 735 2109 ἄχρις

173 2130 204 2181 οὗ
233 2130 333 2198 λάβωσι
362 2129 408 2181 καὶ
437 2130 561 2196 τύχωσιν
576 2130 608 2199 ού
631 2131 734 2196 ε’ρῶσιν.

174 2234 196 2274 0,
223 2214 271 2275 13.
303 2220 330 2269 οῖ
355 2219 487 2284 δαιμόνων
515 2219 586 2287 γένος
609 2219 646 2286 μὴ
671 2220 735 2271 ἀπο-

172 2309 300 2365 λείποντες
321 2349 325 2358 .
343 2349 348 2359 ,
365 2348 369 2357 .
387 2347 392 2357 .
417 2306 462 2374 τὴν
481 2308 678 2376 ἑρμηνευτικὴν,
698 2308 736 2366 ὡς

173 2397 287 2450 Πλάτων
307 2397 403 2463 ἔλεγεν,
427 2395 472 2447 καὶ
491 2397 645 2464 διακονικὴν
663 2398 735 2450 ἀναι-

174 2493 248 2551 ροῦσι
268 2485 355 2552 φύσιν.
381 2485 408 2540 nt
428 2482 503 2539 infra
526 2484 591 2544 Τούς
615 2486 644 2538 δὲ
668 2487 736 2538 πάνθ

174 2581 276 2640 σεμνῶς
304 2575 319 2623 ὁ
344 2575 468 2631 Ἡσίοδος
496 2572 589 2642 ἁγνούς
614 2583 737 2640 προσεῖπε

175 2663 349 2720 πλουτοδότας
364 2662 409 2714 καὶ
424 2670 498 2715 τοῦτο
513 2662 589 2730 γέρας
603 2663 738 2731 βασιλήιον

176 2753 290 2818 ἔχοντας.
329 2766 352 2806 c.
380 2747 430 2809 16.
459 2750 488 2803 τδ
511 2751 540 2803 δὲ
563 2761 615 2810 τοῖς
634 2754 738 2819 δαίμοσι

176 2842 290 2904 τούτοις,
315 2840 426 2908 μονοιιχί
444 2841 544 2908 ράγδην
562 2841 739 2909 λαμβάνοντας

176 2932 206 2982 ἑκ
217 2938 269 2982 τῶν
284 2931 355 2982 ε’πῶν
369 2938 421 2983 τῶν
429 2930 645 2997 Ἐμπεδοκλέους,
655 2931 739 2998 άμαρ-

178 3022 240 3077 τίας
249 3020 294 3071 καὶ
309 3020 371 3077 άτας
385 3019 429 3071 καί
443 3019 541 3076 πλάνας
552 3059 557 3070 .
570 3059 592 3070 ..
608 3019 740 3086 ἐπιφέρειν

180 3109 343 3174 θρασύτερον
362 3108 481 3175 ἡγοῦμαι.

782 441 914 503 τοιούτοις,
932 442 977 494 καὶ
996 443 1167 511 τυγχάνουσαι
1181 442 1247 508 πρὸς
1266 440 1342 494 οὐδὲν

782 532 844 582 ἄλλο
862 539 950 598 χεῖρον
969 531 1115 596 τρέπονταί
1136 530 1195 590 τούς
1214 529 1242 582 δὲ
1260 552 1341 598 χρησ-

783 618 841 677 τούς
864 619 940 671 πάλιν
963 619 1008 671 καὶ
1031 619 1147 687 ἀγαθούς
1170 622 1188 671 ὅ
1206 641 1231 671 τε
1252 620 1342 672 Ἡσίο-

783 710 827 766 δος
842 707 935 775 ἁγνούς
954 709 1079 774 δαίμονας
1093 709 1139 760 καὶ
1158 710 1279 776 φύλακας
1298 707 1342 759 ἀν-

783 798 904 863 θρώπων
914 799 1101 865 προσαγορεύει
1115 799 1288 854 πλουτοδότας
1298 797 1343 848 καὶ

784 895 859 938 τοῦτο
878 886 953 954 γέρας
972 886 1107 954 βασιλήιον
1126 888 1238 953 ἔχοντας,
1265 886 1300 938 Ὅ
1318 906 1344 936 τε

784 977 897 1029 Πλάτων
916 975 1101 1043 ἑρμηνευτικὸν
1116 975 1143 1027 τὸ
1158 982 1272 1027 τοιοῦτον
1286 975 1344 1025 ὀνο-

783 1067 859 1132 μάζει
883 1066 954 1132 γένος
977 1066 1022 1117 καὶ
1042 1067 1205 1126 διακονικόν,
1226 1063 1253 1114 ἐν
1271 1062 1344 1129 με’σῳ

785 1156 857 1207 θεῶν
875 1155 920 1206 καί
939 1155 1104 1220 ἀνθρώπων,
1127 1153 1206 1221 εὐχὰς
1224 1152 1272 1218 μὲν
1291 1152 1349 1203 ἐκεῖ

785 1243 830 1295 καὶ
850 1243 949 1310 δεήσεις
969 1243 1121 1309 ἀνθρώπων
1140 1242 1344 1308 ἀναπέμποντας,

786 1332 888 1384 ἐκεῖθεν
912 1330 940 1382 δὲ
964 1340 1070 1397 μαντεῖα
1089 1334 1167 1397 δεῦρο
1190 1331 1236 1383 καὶ
1261 1331 1345 1387 δόσεις

787 1421 897 1488 ἀγαθῶν
912 1419 1047 1488 φέροντας.
1065 1421 1243 1486 Ἐμπεδοκλῆς
1258 1417 1345 1471 δὲκαὶ

788 1513 863 1568 δίκας
878 1510 943 1578 φησὶ
960 1510 1059 1561 διδόναι
1078 1509 1137 1567 τούς
1156 1511 1288 1576 δαίμονας,
1308 1507 1346 1559 ὧν

788 1603 819 1655 ἀν
837 1599 1002 1666 ἐξαμάρτωσι
1018 1600 1063 1652 καὶ
1081 1600 1309 1666 πλημμελήσωσιν.

266 3203 366 3259 Nonne
391 3204 423 3259 de
447 3203 513 3260 det·
527 3220 565 3264 or.
593 3204 753 3277 fragmenta
782 3207 920 3278 qrrctedarn
943 3203 1110 3261 Xenocratis
1139 3203 1199 3260 sine
1227 3201 1352 3257 auctoris

179 3292 289 3348 nornine
312 3310 402 3364 paone
426 3293 462 3348 ad
485 3292 600 3349 verbum
624 3295 765 3366 exscripta

789 3294 1040 3367 deprehendimus?
1085 3293 1148 3348 Hac
1176 3310 1204 3348 re
1229 3291 1352 3362 suspicio

178 3384 305 3438 rnovetur
328 3381 464 3453 reliquam
488 3398 597 3453 quoque
619 3382 822 3454 disputationis
846 3386 954 3456 pctrtorn
979 3383 1009 3438 in
1032 3400 1088 3454 qua
1112 3383 1144 3437 de
1168 3379 1352 3436 daemonibus

178 3471 274 3544 agitur
296 3470 462 3527 Xenocratis
487 3471 662 3542 argumentis
691 3475 718 3528 et
742 3473 836 3530 verbis
861 3473 1014 3529 abundare.
1062 3473 1154 3543 Atqui·-
1178 3488 1206 3526 ro
1231 3487 1296 3525 vora
1320 3470 1353 3524 de

178 3563 216 3617 Is.
242 3557 294 3629 25,
319 3559 368 3617 ubi
392 3559 452 3616 eius
475 3559 579 3616 mentio
603 3559 729 3631 inicitur,
754 3563 821 3619 miro
846 3580 907 3618 cunr
931 3562 1038 3632 reliqua
1062 3561 1095 3616 de
1120 3559 1173 3615 def.
1200 3576 1238 3615 nr.
1264 3557 1353 3613 libelli

179 3649 393 3722 claenronologia
417 3648 566 3706 consentit.
613 3649 674 3706 Hos
698 3668 807 3723 querque
830 3650 907 3708 locos
932 3650 1058 3706 cesserant.

245 3758 279 3813 dc
303 3757 357 3813 dns.
386 3754 434 3815 15.
468 3758 520 3810 Kar·
547 3757 600 3825 μὴν
626 3759 688 3817 ὅσας
712 3761 739 3811 ἔν

179 3869 205 3900 τε
214 3848 310 3914 μύθοις
320 3848 365 3899 καὶ
375 3848 465 3913 ὕμνοις
472 3846 573 3915 λέγουσι
584 3847 630 3899 καὶ
640 3849 739 3914 ᾄδουσι,

180 3944 254 3988 τοῦτο
271 3935 319 4002 μὲν
340 3935 469 4003 ἁρπαγάς,
493 3943 568 3987 τοῦτο
591 3935 620 3987 δὲ
642 3937 739 3994 πλάνας

180 4025 264 4087 θεῶν,
287 4025 400 4091 κρύηιεις
423 4045 449 4075 τε
467 4024 512 4076 καὶ
528 4023 613 4091 φυγάς
632 4025 677 4076 καὶ
695 4026 739 4077 λα-

180 4114 273 4178 τρείας,
292 4113 323 4165 οὐ
342 4114 414 4165 θεῶν
435 4113 506 4175 εἰσιν,
525 4112 589 4164 ἀλλὰ
608 4114 741 4178 δαιμόνων

179 4202 336 4269 παθήματα,
359 4201 404 4253 καὶ
423 4202 498 4269 τύχαι
516 4203 740 4269 μνημονευόμεναι

181 4298 309 4366 δι’ἀρετην
319 4299 364 4350 καὶ
374 4300 482 4365 δύναμιν
497 4298 596 4350 αὐτῶν·
621 4293 668 4354 13,
683 4299 740 4349 Πα-
767 4290 769 4307 ’

180 4388 306 4455 ράδειγμα
331 4386 360 4438 δὲ
388 4395 424 4453 τῷ
452 4387 521 4454 λόγῳ
548 4386 741 4452 Ξενοκράτης
768 4382 769 4423 3

180 4475 240 4544 μὲν,
264 4476 440 4532 ὁΠλάτωνος
463 4475 576 4542 ἑταῖρος,
604 4474 741 4541 ἐποιήσατο
768 4434 770 4535 λ

860 3759 893 3814 dc
917 3760 956 3814 [s.
982 3755 1033 3816 25.
1067 3758 1174 3810 Βέλτιον
1200 3758 1247 3809 odo
1272 3758 1299 3806 οἱ
1325 3754 1353 3806 τά

792 3850 851 3916 περὶ
866 3849 908 3901 τδν
927 3851 1041 3915 Τυφῶνα
1056 3848 1101 3899 καὶ
1111 3848 1218 3912 Ὄσιριν
1232 3845 1276 3896 καί
1291 3844 1354 3895 Ἶσιν

795 3939 976 4004 ἱστορούμενα,
1003 3937 1067 4003 μήτε
1101 3938 1170 3988 θεῶν
1201 3933 1354 4000 παθήματα,

793 4027 855 4095 μήτ’
877 4027 1039 4092 ἀνθρώπων,
1053 4024 1116 4077 ἀλλὰ
1130 4025 1263 4090 δαιμόνων
1276 4021 1354 4089 μεγά-

793 4118 848 4169 λων
866 4116 929 4168 εἶναι
944 4117 1098 4181 νομίζοντες,
1118 4115 1163 4171 ούς
1182 4112 1226 4163 καὶ
1241 4110 1355 4164 Πλάτων

795 4206 839 4257 καὶ
854 4206 1017 4273 Πυθαγόρας
1031 4203 1076 4254 καὶ
1092 4201 1295 4267 Ξενοκράτης
1309 4200 1355 4252 καὶ

796 4295 962 4360 Χρύσιππος,
986 4293 1107 4357 ἑπόμενοι
1126 4298 1177 4347 τοῖς
1196 4290 1274 4342 πάλαι
1294 4290 1354 4340 θεο-

795 4385 891 4451 λόγοις,
915 4379 1155 4449 ἐρρωμενεστέρους
1177 4379 1224 4444 μὲν
1248 4377 1355 4444 ἀνθρώ-

795 4492 853 4524 πιον
876 4471 1004 4540 γεγονέναι
1027 4470 1128 4538 λέγουσι
1151 4469 1196 4521 καὶ
1218 4468 1301 4534 πολλῇ
1325 4474 1355 4533 τῇ
