3126 5002
648 252 870 315 ..27-

162 435 234 517 eat:
259 433 326 491 deos
350 450 403 491 sua
425 432 576 505 prudentia
598 431 627 489 id
650 448 781 501 curasse,
806 432 890 489 utin
913 431 1032 489 Graecia
1055 432 1211 490 incolarum
1234 449 1348 490 numero

171 522 228 580 iam
251 539 308 580 non
336 522 452 579 florente
478 524 522 579 tot
549 523 661 579 tantum
689 521 865 578 oraculomm
893 520 1034 578 domicilia
1058 524 1153 579 essent
1176 523 1245 594 quot
1268 522 1348 578 suffi-

172 614 280 681 cerent;
309 610 417 683 reliqua
440 627 505 668 vero
528 609 656 683 pristinis
679 610 854 682 temporibus
878 610 982 667 maiore
1006 610 1212 668 consulentium
1234 627 1348 668 numero

171 690 320 774 postulata
350 703 419 757 tunc
443 717 505 757 esse
533 716 753 772 supervacanea.
800 699 906 755 Eadem
936 699 1045 757 ratione
1067 700 1233 757 Ammonius
1257 717 1281 756 c.
1306 696 1348 759 lo

173 789 380 848 Cleombrotum
404 791 432 846 et
445 788 607 861 Lampriam
627 787 762 861 castigat,
787 787 862 860 quiid
885 806 917 845 eo
941 806 996 846 rem
1021 789 1198 857 deduxerint,
1223 790 1255 845 ut
1278 788 1349 845 divi-

160 878 251 957 ·natio
280 896 298 935 a
325 877 385 936 deis
409 877 447 935 ad
469 877 582 951 genios,
612 895 629 934 a
657 876 748 950 geniis
777 878 814 934 ad
843 880 935 934 terrae
959 877 1151 935 exhalationes
1175 877 1278 941 reiecta
1302 877 1348 934 sit.

172 967 232 1025 Nec
250 984 312 1025 sese
331 966 503 1039 intellegere,
526 983 576 1024 cur
593 965 719 1024 hemines
738 967 843 1024 adeant
861 967 985 1035 oracula,
1011 966 1033 1023 si
1057 966 1084 1023 in
1104 967 1227 1040 ipsorum
1247 965 1349 1023 animis

171 1056 241 1115 insit
260 1055 404 1114 divinandi
424 1056 466 1113 vis
485 1055 568 1113 facile
592 1055 750 1113 excitanda.
795 1058 1018 1113 t'onnnontomm
1038 1058 1132 1114 autem
1155 1056 1267 1130 plenam
1288 1073 1350 1113 esse

172 1145 309 1215 fabulam,
334 1162 407 1218 quae
431 1145 530 1202 doceat
553 1146 682 1202 Ceretani
709 1147 852 1217 pastorem
880 1163 949 1202 casu
978 1146 1098 1217 quodam
1128 1145 1257 1219 Delphici
1285 1162 1350 1202 ora-

173 1234 228 1293 culi
259 1234 316 1292 rim
339 1234 486 1292 detexisse.
533 1234 621 1291 Immo
654 1233 709 1291 sibi
737 1233 888 1307 cogitanti,
913 1236 1051 1306 quantum
1081 1234 1227 1292 debuerint
1251 1233 1348 1292 Graeci

173 1323 308 1397 Delphico
341 1323 470 1392 oraculo,
503 1323 565 1380 luco
597 1322 702 1380 clarius
729 1323 816 1381 videri
845 1322 987 1381 oraculum
1017 1326 1072 1392 θεῷ
1091 1325 1136 1378 καὶ
1154 1325 1271 1393 προνοίᾳ,
1295 1340 1350 1379 non

172 1414 239 1469 κατὰ
257 1415 339 1484 τύχηι
356 1415 402 1468 καὶ
421 1413 559 1482 αὐτομάτῳ
578 1411 720 1469 conditum
744 1430 815 1469 esso.
853 1413 936 1469 Hanc
959 1412 1241 1486 argumentationem,
1266 1430 1350 1484 quam

173 1502 357 1561 Plutarchum
379 1518 436 1559 non
460 1501 573 1558 aliunde
593 1501 756 1573 arripuisse,
781 1502 830 1559 sed
853 1502 887 1558 de
911 1520 961 1559 suo
985 1502 1097 1575 ingenio
1117 1502 1265 1559 Ammonio
1289 1501 1350 1558 vin-

174 1591 284 1650 dicasse
307 1593 397 1664 patet,
422 1608 485 1648 cum
508 1608 541 1648 ea
560 1608 616 1663 qua
640 1590 716 1648 Theo
739 1593 837 1648 utatur
860 1591 1017 1648 consentire
1042 1591 1104 1664 quis
1129 1593 1172 1648 est
1196 1591 1263 1664 quin
1287 1608 1350 1664 per-

173 1681 294 1754 spiciat?
339 1681 386 1737 Ab
417 1682 536 1752 utroquo
569 1679 715 1752 opiniones
747 1680 832 1753 uulgo
864 1680 987 1737 traditae
1020 1683 1048 1738 et
1075 1680 1190 1752 publica
1218 1680 1352 1753 religione.

173 1770 312 1843 probatae
336 1769 532 1827 defenduntur.

263 1858 318 1917 His
342 1858 472 1916 omnibus
491 1858 564 1916 satis
587 1858 734 1931 perpensis
757 1858 824 1915 mihi
848 1858 998 1931 praecipue
1021 1858 1049 1915 in
1073 1859 1122 1916 illo
1146 1859 1179 1915 de
1202 1858 1285 1932 Pyth.
1311 1876 1350 1917 or.

175 1947 272 2005 libello
291 1947 437 2006 Plutarchi
456 1947 547 2020 ipsius
567 1947 707 2005 sententia
726 1965 798 2021 pura
817 1950 845 2005 et
863 1948 951 2020 plana
969 1948 1079 2005 videtur
1102 1950 1222 2005 exstare.
1261 1948 1352 2016 onio?

175 2036 299 2113 inquies,
329 2037 557 2109 daemonologia,
582 2055 667 2109 quam
690 2038 860 2109 permultum
885 2037 960 2109 apud
988 2037 1171 2094 Plutarchum
1202 2038 1295 2094 valere
1324 2037 1351 2093 in

176 2126 306 2185 confesso
326 2128 379 2196 est,
403 2143 495 2183 nonne
519 2125 620 2182 abillo
643 2126 696 2183 boc
719 2126 801 2182 modo
825 2143 941 2199 prorsus
965 2126 1193 2184 abiudicabitur?
1225 2127 1351 2183 Concedo

173 2214 373 2288 gravissimam
395 2214 470 2272 hanc
493 2232 555 2272 essi».
579 2215 784 2273 dubitationem
807 2233 923 2288 eamque
952 2218 1067 2288 propter
1089 2216 1260 2273 fluctuantes
1284 2216 1352 2272 Plu-

172 2304 266 2362 tarchi
287 2304 444 2362 sententias
468 2303 609 2361 difficilem
634 2305 670 2361 ad
694 2304 904 2377 (expediendum.
947 2304 1006 2362 Nec
1028 2308 1123 2363 tamon
1147 2305 1352 2378 neglegendum

174 2395 217 2451 est
231 2393 464 2463 Chaeronensem,
480 2393 560 2451 cuius
578 2393 606 2450 in
622 2393 736 2466 scriptis
752 2394 904 2452 sescenties
918 2412 1008 2466 paene
1023 2396 1172 2452 daemones
1193 2396 1351 2464 occurrunt,

173 2482 388 2541 solidamentum
420 2482 651 2555 daemonologiae
690 2483 783 2556 ipsum
815 2483 998 2541 labefactare.
1051 2483 1144 2552 Quid?
1179 2484 1253 2557 quod
1285 2501 1351 2555 pra-

86 2592 91 2598 ·
173 2588 271 2630 vorum
294 2572 460 2629 daemonum
484 2571 588 2644 opinio,
613 2590 669 2645 qua
693 2572 808 2629 sublata
836 2574 926 2630 totam
954 2572 1196 2645 daernonologiam
1226 2590 1352 2629 cormere

175 2661 208 2718 de
232 2660 287 2719 def.
312 2678 352 2719 or.
382 2659 420 2721 16
443 2678 472 2734 p.
493 2655 574 2720 41ss
596 2661 745 2730 statuitur,
780 2661 817 2718 ab
850 2679 881 2718 eo
915 2662 1020 2719 ridetur
1048 2664 1076 2719 et
1107 2661 1263 2719 vanissima
1296 2662 1353 2718 eni-

174 2749 325 2809 stimatur?
348 2750 410 2807 Hoc
429 2751 581 2808 ostendunt
601 2751 654 2807 duo
674 2750 736 2820 loci,
761 2751 810 2808 ubi
834 2751 927 2808 nescio
952 2769 987 2808 an
1007 2750 1174 2808 Xenocratis
1198 2751 1232 2807 de
1255 2751 1352 2822 pravis

175 2838 359 2898 daemonibus
378 2839 485 2911 placito
509 2840 681 2897 adversetur.
728 2839 804 2897 Nam
827 2841 855 2897 in
887 2840 945 2897 vita
968 2841 1064 2912 Pelcp.
1095 2843 1131 2912 (c.
1157 2839 1211 2911 21)
1241 2840 1352 2897 Theba·

174 2945 275 2986 norum
299 2929 383 2986 duces
407 2928 448 2986 sic
472 2928 690 2987 ratiocinantur:
721 2931 753 2984 οὐ
777 2931 825 2999 γὰρ
847 2931 906 2990 τοὺς
929 2933 1058 2999 Tarpeiae
1076 2931 1191 2990 ἐκείνοις
1210 2930 1272 2984 οὐδὲ
1294 2931 1354 2990 τοὺς

174 3021 298 3088 Γίγαντας
316 3020 415 3088 ἄρχειν,
433 3019 497 3072 ἀλλὰ
516 3019 559 3072 τὸν
581 3019 685 3072 πάντων
707 3021 805 3087 πατέρα
829 3022 902 3073 θεῶν
925 3021 970 3073 καὶ
994 3021 1158 3089 ἀνθρώπων·
1183 3022 1307 3087 δαίμονας
1325 3019 1354 3073 δὲ

176 3109 314 3176 χαίροντας
331 3108 485 3175 ἀνθρώπων
504 3110 590 3174 αἵματι
609 3108 654 3161 καὶ
673 3110 749 3176 φόνῳ
767 3109 894 3161 πιστεύειν
912 3107 960 3174 μὲν
979 3111 1042 3167 ἴσως
1062 3109 1128 3161 ε’στὶν
1146 3109 1292 3177 ἀβέλτερον,
1312 3111 1353 3162 ὄν-

178 3195 277 3249 τωνδὲ
295 3197 421 3250 τοιούτων
438 3196 579 3265 ἀμελητέον
598 3197 635 3255 ὥς
654 3197 798 3250 ἀδυνάτων.
840 3196 926 3253 Porro
950 3196 1136 3265 Plutarchus,
1162 3214 1224 3253 tuln
1248 3197 1280 3252 do
1305 3214 1353 3252 su-

175 3285 263 3356 persi.
292 3280 331 3342 13
355 3285 472 3341 cruenta
496 3283 772 3357 Carthaginiensium
796 3284 937 3342 sacrificia
960 3285 1122 3349 insectetur,
1147 3285 1264 3341 nocendi
1288 3285 1352 3353 vim,

178 3390 263 3445 quarn
285 3372 458 3431 Xenocrates
481 3373 577 3446 pravis
601 3372 785 3430 daemonibus
809 3373 1016 3446 assignaverat,
1042 3375 1102 3447 ipse
1125 3375 1169 3431 his
1193 3374 1286 3431 verbis
1310 3374 1353 3430 in-

175 3461 287 3536 fringit:
312 3464 336 3516 εἰ
353 3462 382 3517 δέ
403 3463 531 3532 Τυφῶνές
548 3485 613 3522 τινες
637 3464 653 3531 ἢ
672 3465 792 3531 Γίγαντες
810 3464 893 3532 ἦρχον
912 3466 989 3533 ἡμῶν
1008 3464 1066 3523 τοὺς
1089 3465 1169 3522 θεοὺς
1192 3465 1353 3533 ἐκβαλόντες,

174 3554 259 3611 ποίαις
282 3552 315 3605 ἃν
337 3553 430 3620 ἥδοντο
455 3553 559 3611 θυσίαις
583 3552 599 3620 ἢ
623 3554 691 3610 τίνας
710 3553 788 3610 ἄλλας
807 3554 952 3620 ἱερουργίας
971 3554 1100 3621 &epirosen
1122 3552 1175 3610 Vix
1203 3551 1352 3624 quisqllalll

175 3639 287 3712 opinor,
312 3639 360 3711 qui
389 3639 555 3697 daemonum
588 3639 747 3713 opinionem
775 3640 933 3697 stultiorem
965 3659 1048 3714 qnam
1077 3643 1109 3698 ut
1137 3659 1197 3698 (iarn
1231 3640 1355 3712 accipiat

176 3731 280 3798 censet,
303 3725 375 3786 talia
398 3728 629 3801 philosophorum
653 3730 810 3786 commenta
834 3729 905 3786 sorio
934 3730 990 3787 sibi
1019 3730 1202 3802 persuaserit.
1249 3729 1301 3786 Pia
1326 3731 1353 3786 et

175 3816 285 3876 sincera
304 3819 407 3887 mente,
430 3820 463 3875 ut
482 3818 685 3876 Chaeronensis
710 3819 742 3875 de
761 3818 844 3891 Pyth.
870 3835 909 3876 or.
926 3819 1046 3892 mystica
1070 3820 1198 3876 doctrina
1221 3836 1276 3876 rron
1302 3819 1353 3875 im-

174 3906 261 3965 butus
280 3909 428 3980 paternam
448 3906 612 3980 religionem
631 3906 833 3964 defendendam
853 3908 987 3980 suscepit,
1013 3908 1054 3965 ita
1069 3909 1097 3965 in
1113 3909 1162 3964 illo
1178 3909 1211 3964 do
1230 3910 1352 3980 superst.

174 3994 270 4054 libello
303 3995 512 4068 superstitionis
546 3996 648 4068 stirpes
677 3996 836 4053 evellendas
870 3998 987 4056 curavit.
1038 3997 1168 4066 Accedit,
1202 3999 1276 4069 quod
1309 3997 1354 4054 hic

173 4084 232 4143 illic
253 4084 284 4143 in
307 4084 367 4143 eius
390 4084 504 4157 scriptis
529 4085 645 4157 sceptici
668 4085 774 4158 ingenii
797 4085 900 4142 indicia
924 4086 1114 4158 reperiuntur,
1139 4086 1215 4143 velut
1238 4086 1266 4142 in
1288 4086 1353 4143 vitis

174 4174 250 4235 Cani
275 4173 310 4244 6,
336 4173 436 4232 Coriol.
461 4172 503 4233 38
537 4177 565 4232 ct
591 4174 620 4232 in
648 4174 803 4231 moralibus
837 4175 951 4247 scriptis
985 4176 1018 4232 de
1051 4193 1105 4232 ser.
1139 4192 1215 4232 num.
1241 4174 1275 4244 4,
1304 4174 1352 4245 ll,

174 4263 208 4320 de
231 4262 286 4321 def.
311 4279 351 4321 or.
376 4260 417 4323 37
443 4265 512 4321 extr.
521 4257 555 4336 11.

174 4394 389 4403 -—-—-

264 4453 287 4522 ¹)
306 4452 462 4507 Volkmann
475 4453 504 4506 H
518 4470 543 4520 p.
565 4453 697 4520 aeesqq,
721 4452 817 4520 Pauly.
839 4453 1049 4519 ‘Reti-Eucycl?
1067 4453 1093 4507 V
1111 4469 1137 4520 p.
1163 4454 1239 4507 1775.
