3126 5002
668 225 889 288 ..32-

191 425 215 465 si
253 407 415 481 disputasse
452 407 486 462 de
522 405 582 463 fato
619 405 803 463 Academicos
840 405 995 463 evincitur?
1040 406 1226 463 Xenocratem
1263 407 1366 464 saltem

191 496 338 568 scripsisse
353 495 521 568 peculiarem
535 496 594 564 περὶ
612 497 769 565 εἱμαρμένης
788 495 889 552 librum
909 494 1039 552 Laertius
1053 495 1195 568 Diogenes
1210 496 1259 565 IV,
1276 494 1305 565 2,
1326 494 1361 554 11

189 587 321 643 testatur.
360 585 421 656 Age
436 600 518 656 porro
533 600 590 641 non
604 583 710 655 poteris
725 584 754 640 in
769 601 801 640 ea
826 601 855 641 re
875 583 997 641 Gerckeo
1022 584 1164 653 assentiri,
1190 585 1265 656 quod
1289 584 1366 641 arbi-

190 675 283 731 tratur
315 674 364 730 illo
392 673 495 745 capitis
524 670 543 731 3
568 672 643 741 loco,
678 672 725 745 qui
754 690 786 730 ex
814 672 943 730 Platonis
972 673 1086 730 Timaeo
1114 673 1245 743 affertur,
1275 673 1367 731 solam

191 781 275 835 posse
303 763 459 820 Stoicorum
487 761 625 818 rationem
652 762 699 831 τὴν
717 763 924 816 ἀποκατάστασιν
948 762 1106 819 docentium
1135 762 1244 835 exponi.
1290 761 1366 819 Nam

192 870 255 910 cum
269 853 370 924 longos
384 853 542 923 temporum
556 850 698 920 circuitus,
715 850 819 923 quibus
842 851 965 924 peractis
990 851 1084 908 omnia
1107 851 1316 909 revolverentur
1340 853 1367 908 et

191 943 404 1007 reverterentur,
429 942 541 1012 praeter
563 939 769 997 Heraclitum
762 958 819 997 ram
842 940 1013 1014 Pythagorei
1041 934 1217 1011 decuerint¹l
1247 940 1365 997 similia-

192 1048 245 1103 que
278 1027 1064 1102 1111111111111111111111111111(1111111111,1411.
1090 1027 1177 1088 3521
1202 1027 1243 1088 29
1260 1047 1322 1102 sqq.
1330 1022 1365 1100 ¹),

191 1137 247 1177 non
271 1119 389 1177 multum
414 1118 497 1175 abest
510 1118 644 1190 suspicio,
669 1118 736 1190 quin
759 1119 897 1190 imprimis
917 1119 1077 1175 Academici
1101 1119 1367 1192 pythagorissantes

192 1228 225 1266 ex
252 1209 369 1265 laudato
392 1207 499 1265 Timaei
527 1208 587 1264 loco
616 1208 732 1264 eandem
760 1208 916 1265 doctrinam
944 1207 1141 1265 extricaverint
1168 1211 1196 1265 ot
1224 1224 1286 1264 cum
1315 1224 1368 1263 sua

193 1299 225 1355 de
262 1297 322 1355 tato
361 1296 488 1354 doctrina
519 1296 722 1354 coniunxerint.
768 1296 823 1354 His
861 1297 975 1353 Gerckei
1009 1297 1183 1370 argumentis
1215 1296 1367 1353 labefactis

192 1387 271 1445 nulla
303 1386 483 1443 inveniuntur
516 1385 617 1443 Stoicis
651 1386 773 1458 propria.
830 1387 918 1443 Immo
950 1387 1149 1459 gravissimum
1181 1385 1367 1442 Academicus

192 1476 336 1533 doctrinae
359 1475 493 1532 indicium
516 1493 549 1531 ex
570 1475 656 1532 trium
679 1475 832 1532 Parcarum
855 1475 994 1532 mentione
1023 1478 1147 1547 repetere
1171 1475 1239 1532 mihi
1263 1475 1366 1532 videor.

192 1567 255 1622 Iam
274 1565 357 1622 Plato
376 1564 420 1621 his
444 1563 515 1621 atris
539 1564 682 1621 sororibus
706 1565 798 1622 locum
821 1581 877 1622 non
893 1565 1082 1637 spernendum
1105 1565 1133 1621 in
1157 1565 1252 1621 ordine
1276 1581 1367 1621 rernm

194 1654 354 1727 assignavit
387 1654 420 1710 de
453 1652 562 1724 republ.
587 1653 612 1709 X
635 1670 663 1725 p.
689 1652 779 1724 6173,
814 1670 877 1710 cnm
900 1653 1038 1710 Lachesin
1061 1653 1243 1726 praeteritas,
1269 1653 1368 1710 Clotho

193 1745 371 1816 praesentes,
396 1741 523 1841 Atropon
548 1741 659 1799 futuras
683 1760 727 1800 res
751 1743 984 1815 praenuntiantes
1013 1743 1131 1801 induxit.
1178 1743 1245 1799 Tria
1269 1742 1369 1799 harum

184 1834 308 1890 ‘dearum
330 1831 445 1889 nomina
468 1831 543 1902 apud
562 1831 747 1889 Xenocratem
771 1833 900 1889 Platonis
924 1832 1092 1905 discipulum
1116 1833 1262 1889 recurrunt
1285 1849 1368 1904 prae-

194 1922 274 2000 cipue
297 1921 515 1993 tripartitionem
541 1921 713 1991 quandam
707 1939 735 1977 11
760 1921 867 1978 deliciis
891 1913 1083 1992 habentem)
1125 1920 1199 1977 Nam
1222 1923 1281 1978 tres
1306 1938 1368 1978 asse

194 2010 362 2083 cognitionis
386 2012 415 2066 et
433 2009 631 2154 perceptionisI
644 2012 763 2067 naturas
788 2010 882 2067 docuit
905 2010 1090 2082 philosophus
1110 2009 1296 2067 Academicus
1321 2027 1367 2081 ap.

195 2096 960 2170 01111.11111.1111111111711147-149ε111111
985 2099 1157 2168 sensibilem,
1182 2099 1331 2156 alteram
1324 2116 1368 2154 11-

193 2187 385 2260 tellegibilem,
410 2188 523 2243 tertiam
548 2187 729 2257 opinabilem,
755 2206 858 2260 quas
850 2206 867 2243 a
890 2188 983 2245 tribus
1002 2189 1110 2258 Parcis,
1136 2188 1172 2244 ab
1192 2187 1331 2260 Atropo'
1325 2205 1368 2244 rn-

193 2276 363 2349 tellegibiles
387 2293 441 2343 res,
467 2292 484 2331 a
509 2274 643 2332 Clothone
667 2276 825 2345 sensibiles,
851 2294 868 2333 a
891 2261 1009 2334 Lachesi
1034 2277 1192 2350 opinabiles
1216 2276 1369 2350 gubernari

195 2365 360 2424 autumavit.
398 2363 457 2420 Nec
480 2365 574 2420 tamen
599 2364 698 2436 opinor
718 2382 792 2422 mero
817 2382 885 2423 casu
909 2366 1020 2434 accidit,
1045 2368 1077 2423 ut
1100 2367 1197 2423 eadem
1216 2366 1369 2423 Parcarum

194 2455 308 2512 nomina
336 2454 372 2510 ad
399 2452 537 2525 triplicem
567 2453 793 2512 distributionem
820 2455 916 2512 mundi
945 2455 1152 2528 explanandam
1180 2455 1208 2511 in
1237 2455 1277 2512 eis
1301 2454 1369 2511 Plu-

193 2544 285 2601 tarchi
312 2542 523 2600 narrationibus
556 2536 789 2616 adhibeantur4),
814 2544 965 2617 inquibus
993 2545 1198 2602 Xenocrateam
1222 2544 1370 2601 scientiam

195 2634 283 2690 latere
303 2649 354 2690 suo
377 2631 438 2689 leco
462 2631 518 2687 iam
534 2633 671 2704 suspicati
695 2651 801 2690 sumus.
839 2633 898 2690 Nec
921 2634 1037 2691 minoris
1061 2633 1194 2691 momenti
1217 2635 1269 2702 est,
1295 2633 1369 2705 quod

193 2722 365 2779 Plutarchus
396 2721 429 2776 de
462 2720 566 2777 nruudo
594 2722 622 2778 in
655 2725 713 2779 tres
746 2723 842 2793 partes
876 2723 965 2779 diviso
989 2740 1077 2795 agens
1101 2723 1129 2780 in
1154 2725 1265 2794 quaest.
1289 2739 1369 2779 conv.

196 2811 245 2879 IX,
274 2808 322 2878 14,
347 2807 367 2868 4
391 2809 466 2865 haud
490 2809 574 2865 dubie
596 2811 683 2866 talem
707 2811 863 2868 doctrinam
887 2810 1084 2868 Academicam
1108 2812 1173 2868 1111
1197 2811 1294 2869 oculos
1317 2811 1369 2867 ha-

195 2900 270 2967 buit,
304 2898 416 2972 qualem
448 2896 538 2954 libelli
570 2899 603 2954 de
636 2898 695 2955 fato
729 2901 829 2956 auctor
851 2916 875 2956 c.
901 2898 920 2958 2
944 2900 972 2957 in
1002 2918 1083 2958 suurn
1110 2918 1194 2959 usum
1222 2900 1369 2958 convertit.

195 2989 257 3046 Hoc
281 3005 335 3060 quo
360 2988 418 3044 iure
443 2987 619 3055 contendam,
646 2988 736 3044 disces
761 3006 793 3045 ex
816 2988 914 3045 horum
938 2989 1062 3047 locorum
1086 2989 1311 3062 comparatione:

263 3097 395 3167 quaest.
420 3111 538 3173 conv:
577 3104 621 3148 τσο
654 3099 755 3164 κόσμου

199 3195 273 3254 τριχῇ
292 3186 373 3238 πάντα
388 3184 569 3252 νενεμημένου,
587 3187 696 3254 πρώτην
709 3185 756 3252 μὲν

877 3097 914 3153 de
938 3095 1024 3155 faio:
1053 3099 1069 3167 ἡ
1093 3106 1138 3152 τοῦ
1163 3100 1265 3164 κόσμου
1292 3096 1369 3165 ψυχὴ

197 3274 262 3327 εἶναι
281 3275 393 3343 τὴντῶν
408 3275 531 3327 ἀπλανῶν
548 3276 651 3341 μερίδα,
670 3275 756 3327 δεοτέ-
809 3284 904 3343 μοῖραν
922 3276 967 3329 καὶ
985 3277 1022 3335 εἰς
1036 3276 1083 3344 τὴν
1099 3276 1247 3328 πλανᾶσθαι
1265 3276 1370 3340 νομιζο-

810 3195 885 3254 τριχῇ
899 3189 1085 3255 διανεμηθεῖσα
1104 3189 1140 3245 εἴς
1158 3207 1185 3239 τε
1204 3187 1250 3255 τὴν
1268 3185 1370 3253 ἀπλανῆ
1450 3206 1453 3211 “

197 3385 246 3430 ραν
264 3363 293 3416 δὲ
311 3362 357 3431 τὴν
375 3370 428 3415 τῶν
441 3363 627 3429 πλανωμένων,
646 3363 757 3431 ἐσχάτην

197 3453 226 3506 δὲ
240 3452 287 3521 τὴν
301 3459 353 3504 τῶν
367 3451 418 3504 ὑπὸ
441 3452 559 3519 σελήνην.
581 3492 585 3502 .
603 3492 608 3502 .
625 3451 756 3519 ,ἑκάστης

198 3543 304 3610 φύλακα
324 3544 436 3595 Μοῦσαν
455 3539 531 3602 εἶναι,
555 3547 600 3607 τῆς
617 3539 665 3605 μὲν
682 3541 756 3608 πρώ-

197 3652 242 3698 της
265 3631 377 3697 ὑπάτην,
400 3637 445 3697 τῆς
468 3629 493 3682 δ’
519 3629 629 3697 ε’σχάτης
656 3629 756 3697 νεάτην,

196 3719 278 3786 μέσην
296 3717 326 3771 δὲ
344 3718 390 3786 τὴν
407 3717 504 3784 μεταξὺ
527 3718 685 3785 συνέχουσαν
702 3719 756 3783 ἅμα

197 3807 242 3860 καὶ
279 3806 544 3875 συνεπιστρέφουσαν,
579 3807 616 3864 ὡς
648 3806 757 3858 ἀνυστόν

197 3896 258 3960 ε’στι,
277 3894 306 3948 τά
320 3894 403 3963 θνητὰ
423 3904 474 3953 τοῖς
488 3896 559 3952 θεοῖς
573 3895 618 3948 καὶ
637 3894 667 3948 τὰ
684 3896 756 3962 περί-

809 3365 890 3433 μένην
908 3366 953 3419 καὶ
977 3366 1064 3432 τρίτην
1086 3365 1122 3422 εἰς
1148 3363 1195 3432 τὴν
1213 3362 1371 3430 ὑπουράνιον

810 3453 856 3522 τὴν
873 3456 933 3522 περὶ
956 3462 1003 3522 γῆν
1021 3455 1203 3521 ὕπαρχσυσαν,
1226 3451 1265 3504 ὧν
1287 3451 1304 3519 ἡ
1322 3449 1371 3517 μὲν

810 3542 936 3595 ἀνωτάτω
962 3543 1071 3595 Κλώθω
1098 3541 1330 3609 προσαγορεύεται,
1353 3539 1370 3607 ἡ

811 3630 840 3684 δὲ
857 3632 915 3698 μετ’
937 3630 1017 3698 αὐτὴν
1030 3631 1165 3697 Ἄτροπος,
1191 3630 1207 3696 ἡ
1227 3629 1370 3682 κατωτάτω

806 3720 837 3791 ’δ’
867 3719 900 3771 αὗ
928 3719 1054 3787 Λάχεσις,
1086 3719 1213 3787 δεχομένη
1245 3717 1294 3785 μὲν
1327 3716 1371 3776 τὰς
1414 3788 1419 3796 Ι

810 3807 932 3873 οὐρανίας
947 3807 999 3858 τὼν
1013 3807 1137 3874 ἀδελφῶν
1151 3807 1286 3875 ε’νεργείας,
1306 3827 1371 3873 συμ-

810 3895 941 3947 πλέκουσα
969 3895 998 3948 δὲ
1026 3896 1071 3948 καὶ
1098 3897 1250 3948 διαδιδοῦσα
1279 3897 1371 3953 ταύτας

288 4065 369 4132 1.)01
389 4063 1133 4132 2111111Π13ρ.155114ρ,411.0111011111
1158 4064 1217 4132 ipse
1237 4064 1372 4118 concessit

200 4137 277 4206 (mus.
297 4136 383 4190 Rhen.
403 4136 573 4204 4111291).

288 4206 367 4275 3)01.
389 4207 509 4262 Siebeck.
526 4207 700 4261 ‘Untcrsuch
720 4225 742 4259 z.
761 4207 830 4260 Phil
851 4206 875 4259 d.
896 4203 1029 4258 Griecl1.’¹
1047 4224 1072 4274 p
1093 4208 1153 4261 207.
1173 4207 1225 4260 250
1240 4223 1297 4272 sqq.

287 4278 367 4348 3)οί
387 4278 509 4345 Krische,
530 4278 659 4332 Po.rsch’
680 4279 732 4345 lp.
753 4276 1279 4344 3111111111,1111111111
1301 4277 1371 4330 1883

197 4366 222 4416 p.
243 4352 294 4403 479
314 4350 385 4418 (Ub.
405 4351 430 4402 d
451 4321 551 4403 1111111.
572 4350 639 4403 Red.
660 4350 684 4402 d.
705 4349 847 4417 Aristot'.)

286 4419 493 4490 4)01,111111
513 4421 590 4488 30p.
611 4423 692 4488 945⁰3
712 4421 745 4474 de
764 4421 849 4474 daem.
869 4419 941 4473 Socr.
962 4419 996 4471 22
1014 4435 1040 4486 p.
1060 4421 1138 4474 soih.
