<?xml version="1.0" encoding="UTF-8"?>
<!DOCTYPE html PUBLIC "-//W3C//DTD XHTML 1.0 Transitional//EN"
    "http://www.w3.org/TR/xhtml1/DTD/xhtml1-transitional.dtd">
<html xmlns="http://www.w3.org/1999/xhtml" xml:lang="en" lang="en">
 <head>
  <title>
</title>
<meta http-equiv="Content-Type" content="text/html;charset=utf-8" />
  <meta name='ocr-system' content='tesseract 3.04.00' />
  <meta name='ocr-capabilities' content='ocr_page ocr_carea ocr_par ocr_line ocrx_word'/>
</head>
<body>
  <div class='ocr_page' id='page_1' title='image "./deplutarchisent01schmgoog_0045.png"; bbox 0 0 3126 5002; ppageno 0'>
   <div class='ocr_carea' id='block_1_1' title="bbox 704 209 924 271">
    <p class='ocr_par' dir='ltr' id='par_1_1' title="bbox 704 209 924 271">
     <span class='ocr_line' id='line_1_1' title="bbox 704 209 924 271; baseline -0.009 -18"><span class='ocrx_word' id='word_1_1' title='bbox 704 209 924 271; x_wconf 60' lang='lat'><em>„35-</em></span> 
     </span>
    </p>
   </div>
   <div class='ocr_carea' id='block_1_2' title="bbox 221 391 785 2775">
    <p class='ocr_par' dir='ltr' id='par_1_2' title="bbox 221 391 785 2775">
     <span class='ocr_line' id='line_1_2' title="bbox 222 391 780 464; baseline -0.009 -17"><span class='ocrx_word' id='word_1_2' title='bbox 222 393 391 464; x_wconf 85' lang='grc' dir='ltr'><em>συμβεβηκὸς</em></span> <span class='ocrx_word' id='word_1_3' title='bbox 419 391 448 446; x_wconf 83' lang='grc' dir='ltr'><em>δὲ</em></span> <span class='ocrx_word' id='word_1_4' title='bbox 471 392 498 444; x_wconf 89' lang='grc' dir='ltr'><em>τὸ</em></span> <span class='ocrx_word' id='word_1_5' title='bbox 520 391 649 458; x_wconf 88' lang='grc' dir='ltr'><em>μουσικὸν</em></span> <span class='ocrx_word' id='word_1_6' title='bbox 671 391 687 459; x_wconf 90' lang='grc' dir='ltr'><strong><em>ἢ</em></strong></span> <span class='ocrx_word' id='word_1_7' title='bbox 715 412 780 459; x_wconf 90' lang='grc' dir='ltr'><em>γεω-</em></span> 
     </span>
     <span class='ocr_line' id='line_1_3' title="bbox 221 481 781 550; baseline -0.007 -15"><span class='ocrx_word' id='word_1_8' title='bbox 221 484 344 550; x_wconf 88' lang='grc' dir='ltr'><em>μετρικδν</em></span> <span class='ocrx_word' id='word_1_9' title='bbox 371 482 416 535; x_wconf 90' lang='grc' dir='ltr'><em>καὶ</em></span> <span class='ocrx_word' id='word_1_10' title='bbox 442 489 506 545; x_wconf 86' lang='grc' dir='ltr'><em>πᾶν,</em></span> <span class='ocrx_word' id='word_1_11' title='bbox 529 483 547 533; x_wconf 87' lang='grc' dir='ltr'>ὅ</span> <span class='ocrx_word' id='word_1_12' title='bbox 571 503 594 533; x_wconf 92' lang='grc' dir='ltr'><em>τι</em></span> <span class='ocrx_word' id='word_1_13' title='bbox 621 481 653 533; x_wconf 85' lang='grc' dir='ltr'><em>άν</em></span> <span class='ocrx_word' id='word_1_14' title='bbox 680 489 717 548; x_wconf 80' lang='grc' dir='ltr'><em>τῷ</em></span> <span class='ocrx_word' id='word_1_15' title='bbox 744 481 781 531; x_wconf 84' lang='grc' dir='ltr'><em>σι’-</em></span> 
     </span>
     <span class='ocr_line' id='line_1_4' title="bbox 222 571 782 639; baseline -0.007 -15"><span class='ocrx_word' id='word_1_16' title='bbox 222 573 361 638; x_wconf 80' lang='grc' dir='ltr'><em>κοδομικῷ</em></span> <span class='ocrx_word' id='word_1_17' title='bbox 385 571 401 639; x_wconf 78' lang='grc' dir='ltr'>ἢ</span> <span class='ocrx_word' id='word_1_18' title='bbox 424 578 578 638; x_wconf 81' lang='grc' dir='ltr'><em>ναυπηγικῷ</em></span> <span class='ocrx_word' id='word_1_19' title='bbox 601 571 663 621; x_wconf 85' lang='grc' dir='ltr'><em>εἴδει</em></span> <span class='ocrx_word' id='word_1_20' title='bbox 686 571 782 638; x_wconf 89' lang='grc' dir='ltr'><em>συμβε-</em></span> 
     </span>
     <span class='ocr_line' id='line_1_5' title="bbox 222 656 783 729; baseline -0.014 -17"><span class='ocrx_word' id='word_1_21' title='bbox 222 662 304 729; x_wconf 82' lang='grc' dir='ltr'><em>βήκῃ,</em></span> <span class='ocrx_word' id='word_1_22' title='bbox 323 662 372 714; x_wconf 85' lang='grc' dir='ltr'><em>εἴτε</em></span> <span class='ocrx_word' id='word_1_23' title='bbox 387 658 453 712; x_wconf 87' lang='grc' dir='ltr'><em>κατὰ</em></span> <span class='ocrx_word' id='word_1_24' title='bbox 472 666 558 726; x_wconf 86' lang='grc' dir='ltr'><em>σῶμα,</em></span> <span class='ocrx_word' id='word_1_25' title='bbox 576 660 626 710; x_wconf 90' lang='grc' dir='ltr'><em>εἴτε</em></span> <span class='ocrx_word' id='word_1_26' title='bbox 645 656 711 710; x_wconf 88' lang='grc' dir='ltr'><em>κατὰ</em></span> <span class='ocrx_word' id='word_1_27' title='bbox 729 679 783 725; x_wconf 86' lang='grc' dir='ltr'><em>φυ-</em></span> 
     </span>
     <span class='ocr_line' id='line_1_6' title="bbox 222 746 784 817; baseline -0.007 -16"><span class='ocrx_word' id='word_1_28' title='bbox 222 750 288 817; x_wconf 88' lang='grc' dir='ltr'><em>χήν,</em></span> <span class='ocrx_word' id='word_1_29' title='bbox 307 750 356 800; x_wconf 89' lang='grc' dir='ltr'><em>εἴτε</em></span> <span class='ocrx_word' id='word_1_30' title='bbox 375 747 442 801; x_wconf 88' lang='grc' dir='ltr'><em>κατὰ</em></span> <span class='ocrx_word' id='word_1_31' title='bbox 465 748 495 800; x_wconf 88' lang='grc' dir='ltr'><em>τὰ</em></span> <span class='ocrx_word' id='word_1_32' title='bbox 518 748 601 805; x_wconf 88' lang='grc' dir='ltr'><em>ε’κτός.</em></span> <span class='ocrx_word' id='word_1_33' title='bbox 634 747 717 800; x_wconf 89' lang='grc' dir='ltr'><em>Ὅθεν</em></span> <span class='ocrx_word' id='word_1_34' title='bbox 739 746 784 798; x_wconf 88' lang='grc' dir='ltr'><em>καὶ</em></span> 
     </span>
     <span class='ocr_line' id='line_1_7' title="bbox 224 835 785 906; baseline -0.009 -15"><span class='ocrx_word' id='word_1_35' title='bbox 224 839 304 906; x_wconf 81' lang='grc' dir='ltr'><em>δῆλον</em></span> <span class='ocrx_word' id='word_1_36' title='bbox 331 837 369 896; x_wconf 88' lang='grc' dir='ltr'><em>ὡς</em></span> <span class='ocrx_word' id='word_1_37' title='bbox 397 837 425 889; x_wconf 89' lang='grc' dir='ltr'><em>τὸ</em></span> <span class='ocrx_word' id='word_1_38' title='bbox 453 837 520 889; x_wconf 79' lang='grc' dir='ltr'><em>καθ’</em></span> <span class='ocrx_word' id='word_1_39' title='bbox 550 836 613 889; x_wconf 89' lang='grc' dir='ltr'><em>αὑτὸ</em></span> <span class='ocrx_word' id='word_1_40' title='bbox 641 835 785 903; x_wconf 82' lang='grc' dir='ltr'><strong><em>ὡρισμένον</em></strong></span> 
     </span>
     <span class='ocr_line' id='line_1_8' title="bbox 223 924 784 993; baseline -0.009 -13"><span class='ocrx_word' id='word_1_41' title='bbox 223 928 268 981; x_wconf 85' lang='grc' dir='ltr'><em>καὶ</em></span> <span class='ocrx_word' id='word_1_42' title='bbox 291 928 332 990; x_wconf 83' lang='grc' dir='ltr'><em>ἕν,</em></span> <span class='ocrx_word' id='word_1_43' title='bbox 356 926 384 978; x_wconf 86' lang='grc' dir='ltr'><em>τὸ</em></span> <span class='ocrx_word' id='word_1_44' title='bbox 407 924 436 979; x_wconf 89' lang='lat'><em>66</em></span> <span class='ocrx_word' id='word_1_45' title='bbox 458 925 524 978; x_wconf 85' lang='grc' dir='ltr'><em>κατὰ</em></span> <span class='ocrx_word' id='word_1_46' title='bbox 548 924 717 993; x_wconf 88' lang='grc' dir='ltr'><em>συμβεβηκὸς</em></span> <span class='ocrx_word' id='word_1_47' title='bbox 736 924 784 991; x_wconf 85' lang='grc' dir='ltr'><em>οὐχ</em></span> 
     </span>
     <span class='ocr_line' id='line_1_9' title="bbox 223 1012 785 1082; baseline -0.007 -13"><span class='ocrx_word' id='word_1_48' title='bbox 223 1017 252 1070; x_wconf 87' lang='grc' dir='ltr'><em>ἕν</em></span> <span class='ocrx_word' id='word_1_49' title='bbox 279 1038 305 1068; x_wconf 91' lang='grc' dir='ltr'><em>τε</em></span> <span class='ocrx_word' id='word_1_50' title='bbox 328 1016 374 1068; x_wconf 88' lang='grc' dir='ltr'><em>καὶ</em></span> <span class='ocrx_word' id='word_1_51' title='bbox 396 1016 528 1082; x_wconf 86' lang='grc' dir='ltr'><em>ἀόριστον·</em></span> <span class='ocrx_word' id='word_1_52' title='bbox 557 1013 638 1066; x_wconf 90' lang='grc' dir='ltr'><em>πολλά</em></span> <span class='ocrx_word' id='word_1_53' title='bbox 666 1012 714 1081; x_wconf 88' lang='grc' dir='ltr'><em>γάρ</em></span> <span class='ocrx_word' id='word_1_54' title='bbox 740 1013 785 1065; x_wconf 85' lang='grc' dir='ltr'><em>καὶ</em></span> 
     </span>
     <span class='ocr_line' id='line_1_10' title="bbox 223 1102 785 1173; baseline -0.009 -15"><span class='ocrx_word' id='word_1_55' title='bbox 223 1107 317 1173; x_wconf 84' lang='grc' dir='ltr'><em>ἄπειρα</em></span> <span class='ocrx_word' id='word_1_56' title='bbox 347 1113 384 1172; x_wconf 82' lang='grc' dir='ltr'><em>τῷ</em></span> <span class='ocrx_word' id='word_1_57' title='bbox 417 1103 453 1156; x_wconf 86' lang='grc' dir='ltr'><em>ἑνὶ</em></span> <span class='ocrx_word' id='word_1_58' title='bbox 485 1103 595 1170; x_wconf 81' lang='grc' dir='ltr'><em>ὑπάρχει</em></span> <span class='ocrx_word' id='word_1_59' title='bbox 626 1102 785 1154; x_wconf 89' lang='grc' dir='ltr'><em>παντάπασιν</em></span> 
     </span>
     <span class='ocr_line' id='line_1_11' title="bbox 222 1190 785 1262; baseline -0.005 -15"><span class='ocrx_word' id='word_1_60' title='bbox 222 1194 342 1262; x_wconf 81' lang='grc' dir='ltr'><em>ἀλλήλων</em></span> <span class='ocrx_word' id='word_1_61' title='bbox 360 1193 524 1261; x_wconf 84' lang='grc' dir='ltr'><em>διαφέροντα.</em></span> <span class='ocrx_word' id='word_1_62' title='bbox 561 1192 595 1244; x_wconf 87' lang='grc' dir='ltr'><em>Τὸ</em></span> <span class='ocrx_word' id='word_1_63' title='bbox 612 1191 699 1258; x_wconf 77' lang='grc' dir='ltr'><em>μέντοι</em></span> <span class='ocrx_word' id='word_1_64' title='bbox 718 1190 785 1244; x_wconf 89' lang='grc' dir='ltr'><em>κατὰ</em></span> 
     </span>
     <span class='ocr_line' id='line_1_12' title="bbox 223 1280 784 1352; baseline -0.004 -18"><span class='ocrx_word' id='word_1_65' title='bbox 223 1283 405 1352; x_wconf 88' lang='grc' dir='ltr'><em>συμβεβηκός,</em></span> <span class='ocrx_word' id='word_1_66' title='bbox 433 1283 494 1334; x_wconf 87' lang='grc' dir='ltr'><em>ὅταν</em></span> <span class='ocrx_word' id='word_1_67' title='bbox 520 1280 557 1349; x_wconf 84' lang='grc' dir='ltr'><em>μὴ</em></span> <span class='ocrx_word' id='word_1_68' title='bbox 579 1284 661 1348; x_wconf 85' lang='grc' dir='ltr'><em>μόνον</em></span> <span class='ocrx_word' id='word_1_69' title='bbox 686 1280 713 1333; x_wconf 83' lang='grc' dir='ltr'><em>ἐν</em></span> <span class='ocrx_word' id='word_1_70' title='bbox 732 1288 784 1337; x_wconf 88' lang='grc' dir='ltr'><em>τοῖς</em></span> 
     </span>
     <span class='ocr_line' id='line_1_13' title="bbox 223 1369 783 1439; baseline -0.004 -16"><span class='ocrx_word' id='word_1_71' title='bbox 223 1372 299 1424; x_wconf 84' lang='grc' dir='ltr'><em>ἕνεκά</em></span> <span class='ocrx_word' id='word_1_72' title='bbox 318 1392 363 1424; x_wconf 91' lang='grc' dir='ltr'><em>του</em></span> <span class='ocrx_word' id='word_1_73' title='bbox 382 1373 504 1439; x_wconf 86' lang='grc' dir='ltr'><em>γίγνηται,</em></span> <span class='ocrx_word' id='word_1_74' title='bbox 523 1369 646 1423; x_wconf 86' lang='grc' dir='ltr'><em>ἀλλὰκαὶ</em></span> <span class='ocrx_word' id='word_1_75' title='bbox 665 1369 692 1422; x_wconf 80' lang='grc' dir='ltr'><em>ἐν</em></span> <span class='ocrx_word' id='word_1_76' title='bbox 710 1369 748 1426; x_wconf 83' lang='grc' dir='ltr'><em>οἷς</em></span> <span class='ocrx_word' id='word_1_77' title='bbox 767 1369 783 1436; x_wconf 87' lang='grc' dir='ltr'><strong><em>ἡ</em></strong></span> 
     </span>
     <span class='ocr_line' id='line_1_14' title="bbox 224 1459 785 1529; baseline -0.002 -16"><span class='ocrx_word' id='word_1_78' title='bbox 224 1462 382 1528; x_wconf 87' lang='grc' dir='ltr'><em>προαίρεσις,</em></span> <span class='ocrx_word' id='word_1_79' title='bbox 401 1462 457 1512; x_wconf 82' lang='grc' dir='ltr'><em>τότε</em></span> <span class='ocrx_word' id='word_1_80' title='bbox 475 1460 509 1529; x_wconf 88' lang='grc' dir='ltr'><em>δὴ</em></span> <span class='ocrx_word' id='word_1_81' title='bbox 524 1460 569 1512; x_wconf 85' lang='grc' dir='ltr'><em>καὶ</em></span> <span class='ocrx_word' id='word_1_82' title='bbox 588 1459 617 1511; x_wconf 85' lang='grc' dir='ltr'><em>τὸ</em></span> <span class='ocrx_word' id='word_1_83' title='bbox 635 1459 686 1512; x_wconf 85' lang='grc' dir='ltr'><em>ἀπὸ</em></span> <span class='ocrx_word' id='word_1_84' title='bbox 705 1460 785 1528; x_wconf 88' lang='grc' dir='ltr'><em>τύχης</em></span> 
     </span>
     <span class='ocr_line' id='line_1_15' title="bbox 222 1549 783 1618; baseline -0.002 -16"><span class='ocrx_word' id='word_1_85' title='bbox 222 1550 452 1618; x_wconf 82' lang='grc' dir='ltr'><em>προσαγορεύεται·</em></span> <span class='ocrx_word' id='word_1_86' title='bbox 482 1550 536 1601; x_wconf 81' lang='grc' dir='ltr'><em>οἷον</em></span> <span class='ocrx_word' id='word_1_87' title='bbox 559 1549 588 1601; x_wconf 85' lang='grc' dir='ltr'><em>τὸ</em></span> <span class='ocrx_word' id='word_1_88' title='bbox 610 1550 696 1616; x_wconf 87' lang='grc' dir='ltr'><em>εὑρεῖν</em></span> <span class='ocrx_word' id='word_1_89' title='bbox 720 1571 783 1617; x_wconf 91' lang='grc' dir='ltr'><em>χρυ-</em></span> 
     </span>
     <span class='ocr_line' id='line_1_16' title="bbox 225 1639 785 1707; baseline -0.002 -15"><span class='ocrx_word' id='word_1_90' title='bbox 225 1641 280 1692; x_wconf 88' lang='grc' dir='ltr'><em>σίον</em></span> <span class='ocrx_word' id='word_1_91' title='bbox 294 1639 449 1702; x_wconf 89' lang='grc' dir='ltr'><em>σκάπτοντα,</em></span> <span class='ocrx_word' id='word_1_92' title='bbox 464 1641 505 1690; x_wconf 81' lang='grc' dir='ltr'><em>ἵνα</em></span> <span class='ocrx_word' id='word_1_93' title='bbox 520 1639 645 1707; x_wconf 85' lang='grc' dir='ltr'><em>φυτεύση,</em></span> <span class='ocrx_word' id='word_1_94' title='bbox 660 1639 676 1706; x_wconf 87' lang='grc' dir='ltr'><em>ἢ</em></span> <span class='ocrx_word' id='word_1_95' title='bbox 690 1641 785 1691; x_wconf 88' lang='grc' dir='ltr'><em>παθεῖν</em></span> 
     </span>
     <span class='ocr_line' id='line_1_17' title="bbox 224 1726 785 1796; baseline 0 -15"><span class='ocrx_word' id='word_1_96' title='bbox 224 1750 247 1781; x_wconf 92' lang='grc' dir='ltr'><em>τι</em></span> <span class='ocrx_word' id='word_1_97' title='bbox 267 1728 283 1796; x_wconf 79' lang='grc' dir='ltr'>ἢ</span> <span class='ocrx_word' id='word_1_98' title='bbox 307 1730 399 1795; x_wconf 88' lang='grc' dir='ltr'><em>δρᾶσαι</em></span> <span class='ocrx_word' id='word_1_99' title='bbox 424 1734 477 1779; x_wconf 88' lang='grc' dir='ltr'><em>τῶν</em></span> <span class='ocrx_word' id='word_1_100' title='bbox 498 1726 570 1794; x_wconf 89' lang='grc' dir='ltr'><em>παρὰ</em></span> <span class='ocrx_word' id='word_1_101' title='bbox 593 1727 621 1779; x_wconf 88' lang='grc' dir='ltr'><em>τὸ</em></span> <span class='ocrx_word' id='word_1_102' title='bbox 640 1729 701 1786; x_wconf 82' lang='grc' dir='ltr'><em>ἔθος</em></span> <span class='ocrx_word' id='word_1_103' title='bbox 720 1729 785 1796; x_wconf 90' lang='grc' dir='ltr'><em>φεύ-</em></span> 
     </span>
     <span class='ocr_line' id='line_1_18' title="bbox 225 1817 785 1886; baseline 0 -16"><span class='ocrx_word' id='word_1_104' title='bbox 225 1838 301 1885; x_wconf 91' lang='grc' dir='ltr'><em>γοντα</em></span> <span class='ocrx_word' id='word_1_105' title='bbox 319 1817 336 1884; x_wconf 82' lang='grc' dir='ltr'><em>ἢ</em></span> <span class='ocrx_word' id='word_1_106' title='bbox 356 1817 488 1869; x_wconf 82' lang='grc' dir='ltr'><em>διώκοντα</em></span> <span class='ocrx_word' id='word_1_107' title='bbox 507 1817 523 1884; x_wconf 85' lang='grc' dir='ltr'>ἢ</span> <span class='ocrx_word' id='word_1_108' title='bbox 543 1817 628 1876; x_wconf 81' lang='grc' dir='ltr'><em>ἄλλως</em></span> <span class='ocrx_word' id='word_1_109' title='bbox 646 1819 785 1886; x_wconf 79' lang='grc' dir='ltr'><em>βαδίζοντα</em></span> 
     </span>
     <span class='ocr_line' id='line_1_19' title="bbox 224 1905 784 1975; baseline 0 -16"><span class='ocrx_word' id='word_1_110' title='bbox 224 1907 240 1975; x_wconf 89' lang='grc' dir='ltr'><strong><em>ἢ</em></strong></span> <span class='ocrx_word' id='word_1_111' title='bbox 260 1907 323 1959; x_wconf 81' lang='grc' dir='ltr'><em>αὐτὸ</em></span> <span class='ocrx_word' id='word_1_112' title='bbox 346 1908 427 1973; x_wconf 87' lang='grc' dir='ltr'><em>μόνον</em></span> <span class='ocrx_word' id='word_1_113' title='bbox 450 1905 637 1974; x_wconf 81' lang='grc' dir='ltr'><em>ἐπιστραφέντα</em></span> <span class='ocrx_word' id='word_1_114' title='bbox 643 1947 650 1969; x_wconf 93' lang='grc'><em>,</em></span> <span class='ocrx_word' id='word_1_115' title='bbox 676 1906 708 1958; x_wconf 86' lang='grc' dir='ltr'><em>οὑ</em></span> <span class='ocrx_word' id='word_1_116' title='bbox 726 1907 784 1959; x_wconf 91' lang='grc' dir='ltr'><em>τού-</em></span> 
     </span>
     <span class='ocr_line' id='line_1_20' title="bbox 227 1995 785 2062; baseline -0.004 -14"><span class='ocrx_word' id='word_1_117' title='bbox 227 2017 273 2048; x_wconf 85' lang='grc' dir='ltr'><em>του</em></span> <span class='ocrx_word' id='word_1_118' title='bbox 292 1997 383 2059; x_wconf 82' lang='grc' dir='ltr'><em>ἕνεκα,</em></span> <span class='ocrx_word' id='word_1_119' title='bbox 406 1997 469 2062; x_wconf 84' lang='grc' dir='ltr'><em>ὅπερ</em></span> <span class='ocrx_word' id='word_1_120' title='bbox 487 1995 636 2058; x_wconf 79' lang='grc' dir='ltr'><em>συνέπεσεν,</em></span> <span class='ocrx_word' id='word_1_121' title='bbox 655 1995 712 2047; x_wconf 83' lang='grc' dir='ltr'><em>ἀλλ’</em></span> <span class='ocrx_word' id='word_1_122' title='bbox 733 1995 785 2047; x_wconf 84' lang='grc' dir='ltr'><em>ἑτέ-</em></span> 
     </span>
     <span class='ocr_line' id='line_1_21' title="bbox 224 2083 785 2152; baseline -0.005 -15"><span class='ocrx_word' id='word_1_123' title='bbox 224 2107 275 2152; x_wconf 92' lang='grc' dir='ltr'><em>ρου</em></span> <span class='ocrx_word' id='word_1_124' title='bbox 295 2085 364 2144; x_wconf 86' lang='grc' dir='ltr'><em>τινὸς</em></span> <span class='ocrx_word' id='word_1_125' title='bbox 382 2084 458 2152; x_wconf 87' lang='grc' dir='ltr'><em>χάριν</em></span> <span class='ocrx_word' id='word_1_126' title='bbox 460 2123 572 2134; x_wconf 89' lang='grc'><strong>.....</strong></span> <span class='ocrx_word' id='word_1_127' title='bbox 608 2083 643 2135; x_wconf 90' lang='grc' dir='ltr'><em>Τὸ</em></span> <span class='ocrx_word' id='word_1_128' title='bbox 661 2084 687 2136; x_wconf 85' lang='grc' dir='ltr'><em>δ’</em></span> <span class='ocrx_word' id='word_1_129' title='bbox 709 2083 785 2136; x_wconf 85' lang='grc' dir='ltr'><em>αὑτό-</em></span> 
     </span>
     <span class='ocr_line' id='line_1_22' title="bbox 223 2170 784 2242; baseline -0.005 -16"><span class='ocrx_word' id='word_1_130' title='bbox 223 2195 305 2242; x_wconf 91' lang='grc' dir='ltr'><em>ματον</em></span> <span class='ocrx_word' id='word_1_131' title='bbox 332 2173 374 2225; x_wconf 81' lang='grc' dir='ltr'><em>ε’πί</em></span> <span class='ocrx_word' id='word_1_132' title='bbox 396 2173 484 2224; x_wconf 90' lang='grc' dir='ltr'><em>πλεῖον</em></span> <span class='ocrx_word' id='word_1_133' title='bbox 507 2179 552 2239; x_wconf 85' lang='grc' dir='ltr'><em>τῆς</em></span> <span class='ocrx_word' id='word_1_134' title='bbox 575 2172 666 2240; x_wconf 83' lang='grc' dir='ltr'><em>τύχης·</em></span> <span class='ocrx_word' id='word_1_135' title='bbox 695 2173 719 2223; x_wconf 86' lang='grc' dir='ltr'><em>εἰ</em></span> <span class='ocrx_word' id='word_1_136' title='bbox 736 2170 784 2239; x_wconf 85' lang='grc' dir='ltr'><em>γὰρ</em></span> 
     </span>
     <span class='ocr_line' id='line_1_23' title="bbox 225 2259 785 2331; baseline -0.004 -16"><span class='ocrx_word' id='word_1_137' title='bbox 225 2263 270 2316; x_wconf 88' lang='grc' dir='ltr'><em>καὶ</em></span> <span class='ocrx_word' id='word_1_138' title='bbox 289 2261 370 2331; x_wconf 85' lang='grc' dir='ltr'><em>αὐτὴν</em></span> <span class='ocrx_word' id='word_1_139' title='bbox 391 2259 531 2329; x_wconf 77' lang='grc' dir='ltr'><em>περιλαβὸν</em></span> <span class='ocrx_word' id='word_1_140' title='bbox 550 2261 616 2328; x_wconf 81' lang='grc' dir='ltr'><em>ἔχει,</em></span> <span class='ocrx_word' id='word_1_141' title='bbox 641 2260 686 2314; x_wconf 86' lang='grc' dir='ltr'><em>καὶ</em></span> <span class='ocrx_word' id='word_1_142' title='bbox 703 2260 785 2313; x_wconf 87' lang='grc' dir='ltr'><em>πολλὰ</em></span> 
     </span>
     <span class='ocr_line' id='line_1_24' title="bbox 225 2351 785 2418; baseline -0.002 -14"><span class='ocrx_word' id='word_1_143' title='bbox 225 2359 277 2404; x_wconf 85' lang='grc' dir='ltr'><em>τῶν</em></span> <span class='ocrx_word' id='word_1_144' title='bbox 300 2352 389 2404; x_wconf 82' lang='grc' dir='ltr'><em>ἄλλοτε</em></span> <span class='ocrx_word' id='word_1_145' title='bbox 417 2351 503 2408; x_wconf 83' lang='grc' dir='ltr'><em>ἄλλως</em></span> <span class='ocrx_word' id='word_1_146' title='bbox 526 2352 678 2416; x_wconf 85' lang='grc' dir='ltr'><em>συμπίπτειν</em></span> <span class='ocrx_word' id='word_1_147' title='bbox 699 2371 785 2418; x_wconf 90' lang='grc' dir='ltr'><em>πεφυ-</em></span> 
     </span>
     <span class='ocr_line' id='line_1_25' title="bbox 224 2438 784 2508; baseline 0 -16"><span class='ocrx_word' id='word_1_148' title='bbox 224 2442 320 2492; x_wconf 86' lang='grc' dir='ltr'><em>κότων.</em></span> <span class='ocrx_word' id='word_1_149' title='bbox 352 2440 424 2492; x_wconf 85' lang='grc' dir='ltr'><em>’Ἐστι</em></span> <span class='ocrx_word' id='word_1_150' title='bbox 453 2438 481 2491; x_wconf 84' lang='grc' dir='ltr'><em>δὲ</em></span> <span class='ocrx_word' id='word_1_151' title='bbox 509 2440 569 2492; x_wconf 79' lang='grc' dir='ltr'><em>κατ’</em></span> <span class='ocrx_word' id='word_1_152' title='bbox 600 2441 694 2507; x_wconf 75' lang='grc' dir='ltr'><em>ὄνομα,</em></span> <span class='ocrx_word' id='word_1_153' title='bbox 721 2442 784 2508; x_wconf 84' lang='grc' dir='ltr'><em>ὅπερ</em></span> 
     </span>
     <span class='ocr_line' id='line_1_26' title="bbox 224 2527 784 2597; baseline 0.002 -16"><span class='ocrx_word' id='word_1_154' title='bbox 224 2529 369 2596; x_wconf 83' lang='grc' dir='ltr'><em>αὐτόματον</em></span> <span class='ocrx_word' id='word_1_155' title='bbox 387 2528 483 2596; x_wconf 82' lang='grc' dir='ltr'><em>λέγεται</em></span> <span class='ocrx_word' id='word_1_156' title='bbox 509 2527 538 2579; x_wconf 85' lang='grc' dir='ltr'><em>τὸ</em></span> <span class='ocrx_word' id='word_1_157' title='bbox 559 2529 680 2597; x_wconf 84' lang='grc' dir='ltr'><em>πεφυκὸς</em></span> <span class='ocrx_word' id='word_1_158' title='bbox 705 2530 784 2582; x_wconf 86' lang='grc' dir='ltr'><em>άλλου</em></span> 
     </span>
     <span class='ocr_line' id='line_1_27' title="bbox 224 2617 784 2689; baseline 0.002 -19"><span class='ocrx_word' id='word_1_159' title='bbox 224 2619 313 2681; x_wconf 79' lang='grc' dir='ltr'><em>ἕνεκα,</em></span> <span class='ocrx_word' id='word_1_160' title='bbox 336 2619 397 2670; x_wconf 83' lang='grc' dir='ltr'><em>ὅταν</em></span> <span class='ocrx_word' id='word_1_161' title='bbox 424 2617 462 2685; x_wconf 78' lang='grc' dir='ltr'><em>μὴ</em></span> <span class='ocrx_word' id='word_1_162' title='bbox 491 2618 576 2670; x_wconf 80' lang='grc' dir='ltr'><em>ε’κεῖνο</em></span> <span class='ocrx_word' id='word_1_163' title='bbox 601 2640 654 2685; x_wconf 88' lang='grc' dir='ltr'><em>παρ</em></span> <span class='ocrx_word' id='word_1_164' title='bbox 673 2660 708 2689; x_wconf 56' lang='grc' dir='ltr'><em>χ*</em></span> <span class='ocrx_word' id='word_1_165' title='bbox 727 2619 784 2671; x_wconf 83' lang='grc' dir='ltr'><em>ἐπε-</em></span> 
     </span>
     <span class='ocr_line' id='line_1_28' title="bbox 224 2706 784 2775; baseline -0.004 -16"><span class='ocrx_word' id='word_1_166' title='bbox 224 2707 316 2774; x_wconf 90' lang='grc' dir='ltr'><em>φύκει·</em></span> <span class='ocrx_word' id='word_1_167' title='bbox 337 2707 392 2758; x_wconf 85' lang='grc' dir='ltr'><em>οἷον</em></span> <span class='ocrx_word' id='word_1_168' title='bbox 406 2708 483 2759; x_wconf 83' lang='grc' dir='ltr'><em>δοκεῖ</em></span> <span class='ocrx_word' id='word_1_169' title='bbox 498 2706 526 2759; x_wconf 90' lang='grc' dir='ltr'><em>τδ</em></span> <span class='ocrx_word' id='word_1_170' title='bbox 541 2707 591 2759; x_wconf 88' lang='grc' dir='ltr'><em>ὑπὸ</em></span> <span class='ocrx_word' id='word_1_171' title='bbox 606 2708 673 2761; x_wconf 90' lang='grc' dir='ltr'><em>κύνα</em></span> <span class='ocrx_word' id='word_1_172' title='bbox 688 2715 784 2775; x_wconf 87' lang='grc' dir='ltr'><em>ιμῦχος.</em></span> 
     </span>
    </p>
   </div>
   <div class='ocr_carea' id='block_1_3' title="bbox 223 2789 783 2866">
    <p class='ocr_par' dir='ltr' id='par_1_3' title="bbox 223 2789 783 2866">
     <span class='ocr_line' id='line_1_29' title="bbox 223 2789 783 2866; baseline 0.007 -18"><span class='ocrx_word' id='word_1_173' title='bbox 223 2794 295 2848; x_wconf 85' lang='grc' dir='ltr'><em>Ποτὲ</em></span> <span class='ocrx_word' id='word_1_174' title='bbox 307 2794 355 2863; x_wconf 87' lang='grc' dir='ltr'><em>γὰρ</em></span> <span class='ocrx_word' id='word_1_175' title='bbox 371 2803 459 2863; x_wconf 83' lang='grc' dir='ltr'><em>ψῦχος</em></span> <span class='ocrx_word' id='word_1_176' title='bbox 469 2797 500 2849; x_wconf 90' lang='grc' dir='ltr'><em>ού</em></span> <span class='ocrx_word' id='word_1_177' title='bbox 514 2797 598 2865; x_wconf 84' lang='grc' dir='ltr'><em>μάτην</em></span> <span class='ocrx_word' id='word_1_178' title='bbox 612 2796 674 2849; x_wconf 87' lang='lat'><em>0666</em></span> <span class='ocrx_word' id='word_1_179' title='bbox 688 2789 783 2866; x_wconf 59' lang='lat' dir='ltr'><strong>ml).</strong></span> 
     </span>
    </p>
   </div>
   <div class='ocr_carea' id='block_1_4' title="bbox 223 2883 785 3219">
    <p class='ocr_par' dir='ltr' id='par_1_4' title="bbox 223 2883 785 3219">
     <span class='ocr_line' id='line_1_30' title="bbox 228 2883 784 2953; baseline 0 -17"><span class='ocrx_word' id='word_1_180' title='bbox 228 2884 263 2937; x_wconf 89' lang='lat' dir='ltr'><em>T6</em></span> <span class='ocrx_word' id='word_1_181' title='bbox 277 2883 306 2937; x_wconf 84' lang='lat'><em>66</em></span> <span class='ocrx_word' id='word_1_182' title='bbox 320 2885 387 2948; x_wconf 86' lang='grc' dir='ltr'><em>δ’λον,</em></span> <span class='ocrx_word' id='word_1_183' title='bbox 407 2884 444 2942; x_wconf 86' lang='grc' dir='ltr'><em>ὡς</em></span> <span class='ocrx_word' id='word_1_184' title='bbox 461 2884 489 2937; x_wconf 84' lang='grc' dir='ltr'><em>τά</em></span> <span class='ocrx_word' id='word_1_185' title='bbox 504 2885 549 2953; x_wconf 82' lang='grc' dir='ltr'><em>ἐφ’</em></span> <span class='ocrx_word' id='word_1_186' title='bbox 571 2886 632 2953; x_wconf 79' lang='grc' dir='ltr'><em>ἡμῖν</em></span> <span class='ocrx_word' id='word_1_187' title='bbox 645 2885 725 2952; x_wconf 86' lang='grc' dir='ltr'><em>μέρος</em></span> <span class='ocrx_word' id='word_1_188' title='bbox 739 2893 784 2937; x_wconf 82' lang='grc' dir='ltr'><em>τοῦ</em></span> 
     </span>
     <span class='ocr_line' id='line_1_31' title="bbox 224 2973 784 3042; baseline 0 -17"><span class='ocrx_word' id='word_1_189' title='bbox 224 2973 405 3041; x_wconf 83' lang='grc' dir='ltr'><em>ἐνδεχομένου,</em></span> <span class='ocrx_word' id='word_1_190' title='bbox 425 2975 509 3032; x_wconf 88' lang='grc' dir='ltr'><em>οὑτως</em></span> <span class='ocrx_word' id='word_1_191' title='bbox 528 2975 544 3042; x_wconf 85' lang='grc' dir='ltr'><em>ἦ</em></span> <span class='ocrx_word' id='word_1_192' title='bbox 560 2975 624 3042; x_wconf 91' lang='grc' dir='ltr'><em>τύχη</em></span> <span class='ocrx_word' id='word_1_193' title='bbox 645 2981 689 3026; x_wconf 88' lang='grc' dir='ltr'><em>τοῦ</em></span> <span class='ocrx_word' id='word_1_194' title='bbox 708 2973 784 3026; x_wconf 88' lang='grc' dir='ltr'><em>αὑτο-</em></span> 
     </span>
     <span class='ocr_line' id='line_1_32' title="bbox 223 3061 785 3129; baseline 0 -15"><span class='ocrx_word' id='word_1_195' title='bbox 223 3061 315 3129; x_wconf 90' lang='grc' dir='ltr'><em>μάτου.</em></span> <span class='ocrx_word' id='word_1_196' title='bbox 347 3063 420 3116; x_wconf 87' lang='grc' dir='ltr'><em>Ἔστι</em></span> <span class='ocrx_word' id='word_1_197' title='bbox 452 3061 481 3115; x_wconf 83' lang='grc' dir='ltr'><em>δὲ</em></span> <span class='ocrx_word' id='word_1_198' title='bbox 508 3063 633 3129; x_wconf 80' lang='grc' dir='ltr'><em>ἑκατέρου</em></span> <span class='ocrx_word' id='word_1_199' title='bbox 662 3063 785 3129; x_wconf 82' lang='grc' dir='ltr'><em>ἑκάτερον</em></span> 
     </span>
     <span class='ocr_line' id='line_1_33' title="bbox 224 3150 784 3219; baseline 0.002 -16"><span class='ocrx_word' id='word_1_200' title='bbox 224 3150 383 3217; x_wconf 90' lang='grc' dir='ltr'><em>σύμπτωμα·</em></span> <span class='ocrx_word' id='word_1_201' title='bbox 399 3150 427 3202; x_wconf 84' lang='grc' dir='ltr'><em>τὸ</em></span> <span class='ocrx_word' id='word_1_202' title='bbox 440 3151 489 3218; x_wconf 85' lang='grc' dir='ltr'><em>μὲν</em></span> <span class='ocrx_word' id='word_1_203' title='bbox 498 3151 644 3219; x_wconf 85' lang='grc' dir='ltr'><em>αὐτόματον</em></span> <span class='ocrx_word' id='word_1_204' title='bbox 654 3159 698 3204; x_wconf 86' lang='grc' dir='ltr'><em>τοῦ</em></span> <span class='ocrx_word' id='word_1_205' title='bbox 713 3152 784 3204; x_wconf 69' lang='lat'><em>6666-</em></span> 
     </span>
    </p>
   </div>
   <div class='ocr_carea' id='block_1_5' title="bbox 835 388 1451 2243">
    <p class='ocr_par' dir='ltr' id='par_1_5' title="bbox 835 388 1451 1694">
     <span class='ocr_line' id='line_1_34' title="bbox 835 388 1400 458; baseline -0.004 -17"><span class='ocrx_word' id='word_1_206' title='bbox 835 388 883 458; x_wconf 86' lang='grc' dir='ltr'><em>γὰρ</em></span> <span class='ocrx_word' id='word_1_207' title='bbox 909 390 954 442; x_wconf 89' lang='grc' dir='ltr'><em>καὶ</em></span> <span class='ocrx_word' id='word_1_208' title='bbox 980 391 1008 441; x_wconf 79' lang='grc' dir='ltr'><em>δν</em></span> <span class='ocrx_word' id='word_1_209' title='bbox 1033 389 1085 441; x_wconf 91' lang='grc' dir='ltr'><em>ε’στι</em></span> <span class='ocrx_word' id='word_1_210' title='bbox 1112 389 1140 440; x_wconf 87' lang='grc' dir='ltr'><em>τὸ</em></span> <span class='ocrx_word' id='word_1_211' title='bbox 1164 388 1212 456; x_wconf 85' lang='grc' dir='ltr'><em>μὲν</em></span> <span class='ocrx_word' id='word_1_212' title='bbox 1229 389 1297 441; x_wconf 88' lang='grc' dir='ltr'><em>καθ’</em></span> <span class='ocrx_word' id='word_1_213' title='bbox 1326 389 1400 451; x_wconf 90' lang='grc' dir='ltr'><em>αὑτό,</em></span> 
     </span>
     <span class='ocr_line' id='line_1_35' title="bbox 836 475 1400 546; baseline -0.007 -15"><span class='ocrx_word' id='word_1_214' title='bbox 836 479 864 531; x_wconf 90' lang='grc' dir='ltr'><em>τὸ</em></span> <span class='ocrx_word' id='word_1_215' title='bbox 891 478 920 532; x_wconf 81' lang='grc' dir='ltr'><em>δὲ</em></span> <span class='ocrx_word' id='word_1_216' title='bbox 947 477 1013 531; x_wconf 84' lang='grc' dir='ltr'><em>κατὰ</em></span> <span class='ocrx_word' id='word_1_217' title='bbox 1043 479 1224 546; x_wconf 88' lang='grc' dir='ltr'><em>συμβεβηκός,</em></span> <span class='ocrx_word' id='word_1_218' title='bbox 1256 477 1326 528; x_wconf 86' lang='grc' dir='ltr'><em>οὕτω</em></span> <span class='ocrx_word' id='word_1_219' title='bbox 1352 475 1400 528; x_wconf 89' lang='grc' dir='ltr'><em>καὶ</em></span> 
     </span>
     <span class='ocr_line' id='line_1_36' title="bbox 837 565 1397 635; baseline -0.007 -14"><span class='ocrx_word' id='word_1_220' title='bbox 837 571 917 622; x_wconf 85' lang='grc' dir='ltr'><em>αἴτιον</em></span> <span class='ocrx_word' id='word_1_221' title='bbox 931 568 1058 635; x_wconf 80' lang='grc' dir='ltr'><em>ἐνδέχεται</em></span> <span class='ocrx_word' id='word_1_222' title='bbox 1073 565 1146 630; x_wconf 89' lang='grc' dir='ltr'><em>εἶναι,</em></span> <span class='ocrx_word' id='word_1_223' title='bbox 1161 566 1215 617; x_wconf 83' lang='grc' dir='ltr'><em>οἷον</em></span> <span class='ocrx_word' id='word_1_224' title='bbox 1229 566 1314 623; x_wconf 87' lang='grc' dir='ltr'><em>οἰκίας</em></span> <span class='ocrx_word' id='word_1_225' title='bbox 1329 565 1397 617; x_wconf 81' lang='grc' dir='ltr'><em>καθ’</em></span> 
     </span>
     <span class='ocr_line' id='line_1_37' title="bbox 837 652 1400 724; baseline -0.011 -14"><span class='ocrx_word' id='word_1_226' title='bbox 837 657 900 711; x_wconf 88' lang='grc' dir='ltr'><em>αὑτὸ</em></span> <span class='ocrx_word' id='word_1_227' title='bbox 917 656 965 724; x_wconf 83' lang='grc' dir='ltr'><em>μὲν</em></span> <span class='ocrx_word' id='word_1_228' title='bbox 983 658 1063 709; x_wconf 87' lang='grc' dir='ltr'><em>αἴτιον</em></span> <span class='ocrx_word' id='word_1_229' title='bbox 1086 655 1114 706; x_wconf 89' lang='grc' dir='ltr'><em>τὸ</em></span> <span class='ocrx_word' id='word_1_230' title='bbox 1133 655 1313 721; x_wconf 87' lang='grc' dir='ltr'><em>οἰκοδομικόν,</em></span> <span class='ocrx_word' id='word_1_231' title='bbox 1332 652 1400 705; x_wconf 88' lang='grc' dir='ltr'><em>κατὰ</em></span> 
     </span>
     <span class='ocr_line' id='line_1_38' title="bbox 838 743 1435 815; baseline -0.01 -16"><span class='ocrx_word' id='word_1_232' title='bbox 838 745 1006 815; x_wconf 87' lang='grc' dir='ltr'><em>συμβεβηκὸς</em></span> <span class='ocrx_word' id='word_1_233' title='bbox 1021 743 1050 798; x_wconf 82' lang='grc' dir='ltr'><em>δὲ</em></span> <span class='ocrx_word' id='word_1_234' title='bbox 1067 745 1095 797; x_wconf 89' lang='grc' dir='ltr'><em>τὸ</em></span> <span class='ocrx_word' id='word_1_235' title='bbox 1109 745 1205 797; x_wconf 86' lang='grc' dir='ltr'><em>λευκὸν</em></span> <span class='ocrx_word' id='word_1_236' title='bbox 1224 743 1240 810; x_wconf 80' lang='grc' dir='ltr'>ἢ</span> <span class='ocrx_word' id='word_1_237' title='bbox 1259 744 1288 794; x_wconf 89' lang='grc' dir='ltr'><em>τὸ</em></span> <span class='ocrx_word' id='word_1_238' title='bbox 1306 762 1399 810; x_wconf 92' lang='grc' dir='ltr'><em>μουσι-</em></span> <span class='ocrx_word' id='word_1_239' title='bbox 1433 781 1435 784; x_wconf 51' lang='lat'>&gt;</span> 
     </span>
     <span class='ocr_line' id='line_1_39' title="bbox 838 832 1401 901; baseline -0.012 -12"><span class='ocrx_word' id='word_1_240' title='bbox 838 837 894 889; x_wconf 87' lang='grc' dir='ltr'><em>κάν.</em></span> <span class='ocrx_word' id='word_1_241' title='bbox 935 834 969 888; x_wconf 88' lang='grc' dir='ltr'><em>Τὸ</em></span> <span class='ocrx_word' id='word_1_242' title='bbox 992 832 1040 901; x_wconf 84' lang='grc' dir='ltr'><em>μὲν</em></span> <span class='ocrx_word' id='word_1_243' title='bbox 1064 833 1110 886; x_wconf 89' lang='grc' dir='ltr'><em>οὑν</em></span> <span class='ocrx_word' id='word_1_244' title='bbox 1135 833 1201 886; x_wconf 89' lang='grc' dir='ltr'><em>καθ’</em></span> <span class='ocrx_word' id='word_1_245' title='bbox 1228 832 1290 884; x_wconf 88' lang='grc' dir='ltr'><em>αὑτὸ</em></span> <span class='ocrx_word' id='word_1_246' title='bbox 1319 833 1401 883; x_wconf 90' lang='grc' dir='ltr'><em>αἴτιον</em></span> 
     </span>
     <span class='ocr_line' id='line_1_40' title="bbox 839 918 1400 992; baseline -0.012 -15"><span class='ocrx_word' id='word_1_247' title='bbox 839 925 997 992; x_wconf 84' lang='grc' dir='ltr'><em>ὡρισμένον,</em></span> <span class='ocrx_word' id='word_1_248' title='bbox 1022 923 1051 976; x_wconf 85' lang='grc' dir='ltr'><em>τὸ</em></span> <span class='ocrx_word' id='word_1_249' title='bbox 1078 921 1107 975; x_wconf 84' lang='grc' dir='ltr'><em>δὲ</em></span> <span class='ocrx_word' id='word_1_250' title='bbox 1134 920 1201 974; x_wconf 89' lang='grc' dir='ltr'><em>κατὰ</em></span> <span class='ocrx_word' id='word_1_251' title='bbox 1229 918 1400 989; x_wconf 84' lang='grc' dir='ltr'><em>συμβεβηκὸς</em></span> 
     </span>
     <span class='ocr_line' id='line_1_41' title="bbox 838 1008 1400 1081; baseline -0.018 -13"><span class='ocrx_word' id='word_1_252' title='bbox 838 1015 970 1081; x_wconf 86' lang='grc' dir='ltr'><em>ἀόριστον·</em></span> <span class='ocrx_word' id='word_1_253' title='bbox 990 1014 1084 1079; x_wconf 86' lang='grc' dir='ltr'><em>ἄπειρα</em></span> <span class='ocrx_word' id='word_1_254' title='bbox 1104 1009 1152 1079; x_wconf 90' lang='grc' dir='ltr'><em>γάρ</em></span> <span class='ocrx_word' id='word_1_255' title='bbox 1171 1010 1203 1062; x_wconf 83' lang='grc' dir='ltr'><em>ἂν</em></span> <span class='ocrx_word' id='word_1_256' title='bbox 1221 1017 1258 1076; x_wconf 80' lang='grc' dir='ltr'><em>τῷ</em></span> <span class='ocrx_word' id='word_1_257' title='bbox 1277 1008 1314 1060; x_wconf 84' lang='grc' dir='ltr'><em>ἑνὶ</em></span> <span class='ocrx_word' id='word_1_258' title='bbox 1333 1028 1400 1074; x_wconf 93' lang='grc' dir='ltr'><em>συμ-</em></span> 
     </span>
     <span class='ocr_line' id='line_1_42' title="bbox 837 1097 1401 1174; baseline -0.012 -17"><span class='ocrx_word' id='word_1_259' title='bbox 837 1106 912 1174; x_wconf 82' lang='grc' dir='ltr'><em>βαίη·</em></span> <span class='ocrx_word' id='word_1_260' title='bbox 937 1103 1059 1169; x_wconf 86' lang='grc' dir='ltr'><em>καθάπερ</em></span> <span class='ocrx_word' id='word_1_261' title='bbox 1082 1100 1130 1153; x_wconf 86' lang='grc' dir='ltr'><em>οὑν</em></span> <span class='ocrx_word' id='word_1_262' title='bbox 1152 1100 1262 1168; x_wconf 82' lang='grc' dir='ltr'><em>ἐλέχθη,</em></span> <span class='ocrx_word' id='word_1_263' title='bbox 1288 1099 1349 1150; x_wconf 83' lang='grc' dir='ltr'><em>ὅταν</em></span> <span class='ocrx_word' id='word_1_264' title='bbox 1372 1097 1401 1150; x_wconf 83' lang='grc' dir='ltr'><em>ἐν</em></span> 
     </span>
     <span class='ocr_line' id='line_1_43' title="bbox 838 1185 1400 1258; baseline -0.014 -13"><span class='ocrx_word' id='word_1_265' title='bbox 838 1201 890 1250; x_wconf 89' lang='grc' dir='ltr'><em>τοῖς</em></span> <span class='ocrx_word' id='word_1_266' title='bbox 909 1191 984 1244; x_wconf 82' lang='grc' dir='ltr'><em>ἕνεκά</em></span> <span class='ocrx_word' id='word_1_267' title='bbox 1004 1212 1048 1243; x_wconf 92' lang='grc' dir='ltr'><em>του</em></span> <span class='ocrx_word' id='word_1_268' title='bbox 1067 1189 1213 1258; x_wconf 83' lang='grc' dir='ltr'><em>γενομένοις</em></span> <span class='ocrx_word' id='word_1_269' title='bbox 1232 1195 1306 1240; x_wconf 84' lang='grc' dir='ltr'><em>τοῦτο</em></span> <span class='ocrx_word' id='word_1_270' title='bbox 1325 1185 1400 1254; x_wconf 83' lang='grc' dir='ltr'><em>γένη-</em></span> 
     </span>
     <span class='ocr_line' id='line_1_44' title="bbox 838 1275 1400 1348; baseline -0.011 -15"><span class='ocrx_word' id='word_1_271' title='bbox 838 1303 891 1345; x_wconf 91' lang='grc' dir='ltr'><em>ται,</em></span> <span class='ocrx_word' id='word_1_272' title='bbox 910 1282 965 1333; x_wconf 91' lang='grc' dir='ltr'><em>τότε</em></span> <span class='ocrx_word' id='word_1_273' title='bbox 983 1280 1080 1348; x_wconf 86' lang='grc' dir='ltr'><em>λέγεται</em></span> <span class='ocrx_word' id='word_1_274' title='bbox 1103 1278 1155 1331; x_wconf 84' lang='grc' dir='ltr'><em>ἀπὸ</em></span> <span class='ocrx_word' id='word_1_275' title='bbox 1173 1276 1334 1342; x_wconf 83' lang='grc' dir='ltr'><em>ταύτομάτου</em></span> <span class='ocrx_word' id='word_1_276' title='bbox 1353 1275 1400 1327; x_wconf 88' lang='grc' dir='ltr'><em>καὶ</em></span> 
     </span>
     <span class='ocr_line' id='line_1_45' title="bbox 839 1360 1399 1439; baseline -0.011 -13"><span class='ocrx_word' id='word_1_277' title='bbox 839 1372 890 1426; x_wconf 80' lang='grc' dir='ltr'><em>ἀπὸ</em></span> <span class='ocrx_word' id='word_1_278' title='bbox 909 1373 996 1439; x_wconf 74' lang='grc' dir='ltr'><em>τύχης.</em></span> <span class='ocrx_word' id='word_1_279' title='bbox 1043 1368 1111 1425; x_wconf 86' lang='lat' dir='ltr'><strong>ibid.</strong></span> <span class='ocrx_word' id='word_1_280' title='bbox 1136 1384 1164 1439; x_wconf 86' lang='lat' dir='ltr'><em>p.</em></span> <span class='ocrx_word' id='word_1_281' title='bbox 1192 1363 1280 1425; x_wconf 82' lang='lat' dir='ltr'>197a</span> <span class='ocrx_word' id='word_1_282' title='bbox 1304 1360 1399 1434; x_wconf 85' lang='lat' dir='ltr'><strong>5sqq.</strong></span> 
     </span>
     <span class='ocr_line' id='line_1_46' title="bbox 839 1454 1451 1530; baseline -0.018 -14"><span class='ocrx_word' id='word_1_283' title='bbox 839 1464 925 1530; x_wconf 85' lang='grc' dir='ltr'><em>Δῆλον</em></span> <span class='ocrx_word' id='word_1_284' title='bbox 939 1462 990 1529; x_wconf 86' lang='grc' dir='ltr'><em>ἄρα</em></span> <span class='ocrx_word' id='word_1_285' title='bbox 1005 1462 1041 1512; x_wconf 86' lang='grc' dir='ltr'><em>ὅτι</em></span> <span class='ocrx_word' id='word_1_286' title='bbox 1057 1460 1072 1527; x_wconf 79' lang='grc' dir='ltr'><em>ἡ</em></span> <span class='ocrx_word' id='word_1_287' title='bbox 1088 1459 1153 1526; x_wconf 91' lang='grc' dir='ltr'><em>τύχη</em></span> <span class='ocrx_word' id='word_1_288' title='bbox 1168 1459 1236 1510; x_wconf 88' lang='grc' dir='ltr'><em>αἰτία</em></span> <span class='ocrx_word' id='word_1_289' title='bbox 1252 1454 1319 1508; x_wconf 87' lang='grc' dir='ltr'><em>κατὰ</em></span> <span class='ocrx_word' id='word_1_290' title='bbox 1334 1474 1400 1521; x_wconf 92' lang='grc' dir='ltr'><em>συμ-</em></span> <span class='ocrx_word' id='word_1_291' title='bbox 1446 1518 1451 1527; x_wconf 34' lang='grc'><strong><em>,</em></strong></span> 
     </span>
     <span class='ocr_line' id='line_1_47' title="bbox 838 1547 1401 1621; baseline -0.016 -16"><span class='ocrx_word' id='word_1_292' title='bbox 838 1551 954 1621; x_wconf 85' lang='grc' dir='ltr'><em>βεβηκὸς</em></span> <span class='ocrx_word' id='word_1_293' title='bbox 972 1551 999 1603; x_wconf 85' lang='grc' dir='ltr'><em>ἐν</em></span> <span class='ocrx_word' id='word_1_294' title='bbox 1017 1558 1070 1607; x_wconf 85' lang='grc' dir='ltr'><em>τοῖς</em></span> <span class='ocrx_word' id='word_1_295' title='bbox 1092 1547 1159 1602; x_wconf 88' lang='grc' dir='ltr'><em>κατὰ</em></span> <span class='ocrx_word' id='word_1_296' title='bbox 1177 1547 1328 1613; x_wconf 89' lang='grc' dir='ltr'><em>προαίρεσιν</em></span> <span class='ocrx_word' id='word_1_297' title='bbox 1347 1552 1401 1597; x_wconf 85' lang='grc' dir='ltr'><em>τῶν</em></span> 
     </span>
     <span class='ocr_line' id='line_1_48' title="bbox 839 1641 987 1694; baseline -0.02 0"><span class='ocrx_word' id='word_1_298' title='bbox 839 1641 915 1694; x_wconf 83' lang='grc' dir='ltr'><em>ἕνεκά</em></span> <span class='ocrx_word' id='word_1_299' title='bbox 934 1661 987 1693; x_wconf 93' lang='grc' dir='ltr'><em>του.</em></span> 
     </span>
    </p>

    <p class='ocr_par' dir='ltr' id='par_1_6' title="bbox 838 1719 1402 2243">
     <span class='ocr_line' id='line_1_49' title="bbox 905 1719 1398 1798; baseline -0.014 -13"><span class='ocrx_word' id='word_1_300' title='bbox 905 1727 1027 1798; x_wconf 80' lang='lat' dir='ltr'>metaph.</span> <span class='ocrx_word' id='word_1_301' title='bbox 1042 1724 1092 1795; x_wconf 85' lang='lat' dir='ltr'><em>IV,</em></span> <span class='ocrx_word' id='word_1_302' title='bbox 1108 1722 1193 1796; x_wconf 61' lang='lat'><strong>301».</strong></span> <span class='ocrx_word' id='word_1_303' title='bbox 1211 1719 1321 1784; x_wconf 81' lang='lat' dir='ltr'>1025a</span> <span class='ocrx_word' id='word_1_304' title='bbox 1346 1719 1398 1780; x_wconf 79' lang='lat'><em>14:</em></span> 
     </span>
     <span class='ocr_line' id='line_1_50' title="bbox 838 1813 1400 1888; baseline -0.016 -15"><span class='ocrx_word' id='word_1_305' title='bbox 838 1818 1016 1888; x_wconf 87' lang='grc' dir='ltr'><em>Συμβεβηκὸς</em></span> <span class='ocrx_word' id='word_1_306' title='bbox 1026 1817 1123 1884; x_wconf 81' lang='grc' dir='ltr'><em>λέγεται</em></span> <span class='ocrx_word' id='word_1_307' title='bbox 1137 1817 1154 1867; x_wconf 86' lang='grc' dir='ltr'><em>δ’</em></span> <span class='ocrx_word' id='word_1_308' title='bbox 1165 1814 1276 1882; x_wconf 83' lang='grc' dir='ltr'><em>ὑπάρχει</em></span> <span class='ocrx_word' id='word_1_309' title='bbox 1289 1813 1338 1880; x_wconf 83' lang='grc' dir='ltr'><em>μέν</em></span> <span class='ocrx_word' id='word_1_310' title='bbox 1352 1834 1400 1865; x_wconf 92' lang='grc' dir='ltr'><em>τινι</em></span> 
     </span>
     <span class='ocr_line' id='line_1_51' title="bbox 839 1901 1402 1976; baseline -0.016 -14"><span class='ocrx_word' id='word_1_311' title='bbox 839 1909 884 1962; x_wconf 87' lang='grc' dir='ltr'><em>καὶ</em></span> <span class='ocrx_word' id='word_1_312' title='bbox 907 1907 1004 1976; x_wconf 82' lang='grc' dir='ltr'><em>ἀληθὲς</em></span> <span class='ocrx_word' id='word_1_313' title='bbox 1022 1907 1114 1969; x_wconf 85' lang='grc' dir='ltr'><em>εἰπεῖν,</em></span> <span class='ocrx_word' id='word_1_314' title='bbox 1138 1904 1170 1957; x_wconf 88' lang='grc' dir='ltr'><em>οὑ</em></span> <span class='ocrx_word' id='word_1_315' title='bbox 1184 1903 1270 1971; x_wconf 77' lang='grc' dir='ltr'><em>μέντοι</em></span> <span class='ocrx_word' id='word_1_316' title='bbox 1294 1902 1350 1955; x_wconf 82' lang='grc' dir='ltr'><em>οὔτ’</em></span> <span class='ocrx_word' id='word_1_317' title='bbox 1371 1901 1402 1964; x_wconf 79' lang='grc' dir='ltr'><em>ἐξ</em></span> 
     </span>
     <span class='ocr_line' id='line_1_52' title="bbox 838 1992 1400 2066; baseline -0.016 -15"><span class='ocrx_word' id='word_1_318' title='bbox 838 1998 954 2066; x_wconf 85' lang='grc' dir='ltr'><em>ἀνάγκης</em></span> <span class='ocrx_word' id='word_1_319' title='bbox 973 1995 1028 2049; x_wconf 83' lang='grc' dir='ltr'><em>οὔτ’</em></span> <span class='ocrx_word' id='word_1_320' title='bbox 1050 1995 1091 2047; x_wconf 81' lang='grc' dir='ltr'><em>ε’πί</em></span> <span class='ocrx_word' id='word_1_321' title='bbox 1110 1994 1139 2046; x_wconf 87' lang='grc' dir='ltr'><em>τὸ</em></span> <span class='ocrx_word' id='word_1_322' title='bbox 1156 1993 1231 2057; x_wconf 87' lang='grc' dir='ltr'><em>πολύ,</em></span> <span class='ocrx_word' id='word_1_323' title='bbox 1251 1992 1306 2044; x_wconf 83' lang='grc' dir='ltr'><em>οἷον</em></span> <span class='ocrx_word' id='word_1_324' title='bbox 1324 1993 1352 2043; x_wconf 86' lang='grc' dir='ltr'><em>εἴ</em></span> <span class='ocrx_word' id='word_1_325' title='bbox 1363 2013 1400 2050; x_wconf 91' lang='grc' dir='ltr'><em>τις</em></span> 
     </span>
     <span class='ocr_line' id='line_1_53' title="bbox 838 2082 1400 2154; baseline -0.014 -14"><span class='ocrx_word' id='word_1_326' title='bbox 838 2088 955 2154; x_wconf 87' lang='grc' dir='ltr'><em>ὀρύττων</em></span> <span class='ocrx_word' id='word_1_327' title='bbox 978 2092 1055 2153; x_wconf 84' lang='grc' dir='ltr'><em>φυτῷ</em></span> <span class='ocrx_word' id='word_1_328' title='bbox 1082 2085 1183 2153; x_wconf 90' lang='grc' dir='ltr'><em>βόθρον</em></span> <span class='ocrx_word' id='word_1_329' title='bbox 1210 2082 1271 2148; x_wconf 84' lang='grc' dir='ltr'><em>εὗρε</em></span> <span class='ocrx_word' id='word_1_330' title='bbox 1296 2083 1400 2148; x_wconf 87' lang='grc' dir='ltr'><em>θησαυ-</em></span> 
     </span>
     <span class='ocr_line' id='line_1_54' title="bbox 839 2176 960 2243; baseline -0.025 -14"><span class='ocrx_word' id='word_1_331' title='bbox 839 2177 886 2243; x_wconf 85' lang='grc' dir='ltr'><em>ρόν</em></span> <span class='ocrx_word' id='word_1_332' title='bbox 904 2176 960 2227; x_wconf 92' lang='grc' dir='ltr'><em>κτλ.</em></span> 
     </span>
    </p>
   </div>
   <div class='ocr_carea' id='block_1_6' title="bbox 838 2255 1406 3135">
    <p class='ocr_par' dir='ltr' id='par_1_7' title="bbox 839 2255 1401 2512">
     <span class='ocr_line' id='line_1_55' title="bbox 905 2255 1400 2336; baseline -0.016 -16"><span class='ocrx_word' id='word_1_333' title='bbox 905 2263 988 2336; x_wconf 80' lang='lat' dir='ltr'>phys,</span> <span class='ocrx_word' id='word_1_334' title='bbox 1005 2263 1043 2332; x_wconf 87' lang='grc' dir='ltr'><em>ΙΙ,</em></span> <span class='ocrx_word' id='word_1_335' title='bbox 1065 2258 1083 2320; x_wconf 89' lang='lat'>5</span> <span class='ocrx_word' id='word_1_336' title='bbox 1103 2278 1131 2333; x_wconf 89' lang='lat' dir='ltr'><em>p.</em></span> <span class='ocrx_word' id='word_1_337' title='bbox 1157 2256 1243 2319; x_wconf 83' lang='lat' dir='ltr'>197a</span> <span class='ocrx_word' id='word_1_338' title='bbox 1268 2255 1321 2317; x_wconf 83' lang='lat'><em>17:</em></span> <span class='ocrx_word' id='word_1_339' title='bbox 1347 2260 1400 2312; x_wconf 88' lang='grc' dir='ltr'><em>Καὶ</em></span> 
     </span>
     <span class='ocr_line' id='line_1_56' title="bbox 839 2348 1401 2424; baseline -0.012 -17"><span class='ocrx_word' id='word_1_340' title='bbox 839 2354 887 2424; x_wconf 85' lang='grc' dir='ltr'><em>γὰρ</em></span> <span class='ocrx_word' id='word_1_341' title='bbox 907 2355 970 2407; x_wconf 86' lang='grc' dir='ltr'><em>ἰδεῖν</em></span> <span class='ocrx_word' id='word_1_342' title='bbox 984 2375 1038 2406; x_wconf 90' lang='grc' dir='ltr'><em>τινα</em></span> <span class='ocrx_word' id='word_1_343' title='bbox 1052 2353 1211 2422; x_wconf 84' lang='grc' dir='ltr'><em>βουλόμενος</em></span> <span class='ocrx_word' id='word_1_344' title='bbox 1230 2348 1275 2402; x_wconf 86' lang='grc' dir='ltr'><em>καὶ</em></span> <span class='ocrx_word' id='word_1_345' title='bbox 1290 2348 1401 2401; x_wconf 80' lang='grc' dir='ltr'><em>διώκων</em></span> 
     </span>
     <span class='ocr_line' id='line_1_57' title="bbox 839 2444 1018 2512; baseline -0.017 -14"><span class='ocrx_word' id='word_1_346' title='bbox 839 2445 885 2498; x_wconf 86' lang='grc' dir='ltr'><em>καὶ</em></span> <span class='ocrx_word' id='word_1_347' title='bbox 904 2444 1018 2512; x_wconf 85' lang='grc' dir='ltr'><em>φεύγων.</em></span> 
     </span>
    </p>

    <p class='ocr_par' dir='ltr' id='par_1_8' title="bbox 838 2525 1406 3135">
     <span class='ocr_line' id='line_1_58' title="bbox 906 2525 1406 2612; baseline -0.022 -23"><span class='ocrx_word' id='word_1_348' title='bbox 906 2531 972 2590; x_wconf 88' lang='lat' dir='ltr'>ibid.</span> <span class='ocrx_word' id='word_1_349' title='bbox 998 2529 1017 2590; x_wconf 90' lang='grc'><strong>6</strong></span> <span class='ocrx_word' id='word_1_350' title='bbox 1039 2548 1067 2603; x_wconf 89' lang='lat' dir='ltr'><em>p.</em></span> <span class='ocrx_word' id='word_1_351' title='bbox 1090 2526 1177 2588; x_wconf 80' lang='lat' dir='ltr'>197a</span> <span class='ocrx_word' id='word_1_352' title='bbox 1200 2525 1242 2586; x_wconf 88' lang='grc'><em>36</em></span> <span class='ocrx_word' id='word_1_353' title='bbox 1254 2543 1312 2598; x_wconf 88' lang='lat' dir='ltr'><strong>sq.:</strong></span> <span class='ocrx_word' id='word_1_354' title='bbox 1337 2528 1406 2612; x_wconf 81' lang='grc' dir='ltr'><em>Δια-Ι</em></span> 
     </span>
     <span class='ocr_line' id='line_1_59' title="bbox 839 2617 1402 2691; baseline -0.012 -15"><span class='ocrx_word' id='word_1_355' title='bbox 839 2623 914 2691; x_wconf 84' lang='grc' dir='ltr'><em>φέρει</em></span> <span class='ocrx_word' id='word_1_356' title='bbox 933 2623 958 2676; x_wconf 83' lang='grc' dir='ltr'><em>δ’</em></span> <span class='ocrx_word' id='word_1_357' title='bbox 981 2624 1018 2674; x_wconf 86' lang='grc' dir='ltr'><em>ὅτι</em></span> <span class='ocrx_word' id='word_1_358' title='bbox 1042 2621 1070 2673; x_wconf 87' lang='grc' dir='ltr'><em>τὸ</em></span> <span class='ocrx_word' id='word_1_359' title='bbox 1088 2619 1235 2685; x_wconf 82' lang='grc' dir='ltr'><em>αὐτόματον</em></span> <span class='ocrx_word' id='word_1_360' title='bbox 1252 2617 1294 2670; x_wconf 87' lang='grc' dir='ltr'><em>ε’πὶ</em></span> <span class='ocrx_word' id='word_1_361' title='bbox 1312 2617 1402 2669; x_wconf 90' lang='grc' dir='ltr'><em>πλεῖόν</em></span> 
     </span>
     <span class='ocr_line' id='line_1_60' title="bbox 839 2705 1401 2779; baseline -0.014 -14"><span class='ocrx_word' id='word_1_362' title='bbox 839 2714 906 2765; x_wconf 85' lang='grc' dir='ltr'><em>ἑστι·</em></span> <span class='ocrx_word' id='word_1_363' title='bbox 926 2712 954 2764; x_wconf 90' lang='grc' dir='ltr'><em>τδ</em></span> <span class='ocrx_word' id='word_1_364' title='bbox 972 2709 1087 2779; x_wconf 80' lang='grc' dir='ltr'><em>μὲνγὰρ</em></span> <span class='ocrx_word' id='word_1_365' title='bbox 1111 2707 1162 2760; x_wconf 82' lang='grc' dir='ltr'><em>ἀπὸ</em></span> <span class='ocrx_word' id='word_1_366' title='bbox 1181 2708 1261 2775; x_wconf 91' lang='grc' dir='ltr'><em>τύχης</em></span> <span class='ocrx_word' id='word_1_367' title='bbox 1278 2713 1331 2759; x_wconf 89' lang='grc' dir='ltr'><em>πᾶν</em></span> <span class='ocrx_word' id='word_1_368' title='bbox 1349 2705 1401 2758; x_wconf 83' lang='grc' dir='ltr'><em>ἀπὸ</em></span> 
     </span>
     <span class='ocr_line' id='line_1_61' title="bbox 839 2794 1400 2867; baseline -0.012 -14"><span class='ocrx_word' id='word_1_369' title='bbox 839 2801 1008 2867; x_wconf 82' lang='grc' dir='ltr'><em>ταύτομάτου,</em></span> <span class='ocrx_word' id='word_1_370' title='bbox 1028 2807 1101 2851; x_wconf 87' lang='grc' dir='ltr'><em>τοῦτο</em></span> <span class='ocrx_word' id='word_1_371' title='bbox 1120 2798 1145 2850; x_wconf 92' lang='grc' dir='ltr'><em>δ’</em></span> <span class='ocrx_word' id='word_1_372' title='bbox 1167 2797 1199 2849; x_wconf 88' lang='grc' dir='ltr'><em>οὐ</em></span> <span class='ocrx_word' id='word_1_373' title='bbox 1217 2803 1269 2848; x_wconf 87' lang='grc' dir='ltr'><em>πᾶν</em></span> <span class='ocrx_word' id='word_1_374' title='bbox 1287 2794 1338 2847; x_wconf 86' lang='grc' dir='ltr'><em>ἀπὸ</em></span> <span class='ocrx_word' id='word_1_375' title='bbox 1358 2795 1400 2847; x_wconf 93' lang='grc' dir='ltr'><em>τύ-</em></span> 
     </span>
     <span class='ocr_line' id='line_1_62' title="bbox 838 2882 1401 2958; baseline -0.021 -9"><span class='ocrx_word' id='word_1_376' title='bbox 838 2911 895 2957; x_wconf 82' lang='grc' dir='ltr'><em>χης-</em></span> <span class='ocrx_word' id='word_1_377' title='bbox 915 2887 984 2944; x_wconf 85' lang='lat' dir='ltr'>ibid.</span> <span class='ocrx_word' id='word_1_378' title='bbox 1005 2904 1032 2958; x_wconf 86' lang='lat' dir='ltr'><em>p.</em></span> <span class='ocrx_word' id='word_1_379' title='bbox 1061 2884 1146 2947; x_wconf 80' lang='grc'><strong>1971)</strong></span> <span class='ocrx_word' id='word_1_380' title='bbox 1168 2882 1219 2945; x_wconf 79' lang='grc'><em>29.</em></span> <span class='ocrx_word' id='word_1_381' title='bbox 1239 2887 1308 2938; x_wconf 86' lang='grc' dir='ltr'><em>οὑτω</em></span> <span class='ocrx_word' id='word_1_382' title='bbox 1323 2885 1357 2953; x_wconf 77' lang='grc' dir='ltr'><em>δὴ</em></span> <span class='ocrx_word' id='word_1_383' title='bbox 1373 2885 1401 2938; x_wconf 88' lang='grc' dir='ltr'><em>τὸ</em></span> 
     </span>
     <span class='ocr_line' id='line_1_63' title="bbox 839 2975 1401 3045; baseline -0.007 -14"><span class='ocrx_word' id='word_1_384' title='bbox 839 2979 983 3045; x_wconf 78' lang='grc' dir='ltr'><em>αὐτόματον</em></span> <span class='ocrx_word' id='word_1_385' title='bbox 1006 2977 1051 3030; x_wconf 86' lang='grc' dir='ltr'><em>καὶ</em></span> <span class='ocrx_word' id='word_1_386' title='bbox 1074 2976 1141 3030; x_wconf 90' lang='grc' dir='ltr'><em>κατά</em></span> <span class='ocrx_word' id='word_1_387' title='bbox 1165 2975 1193 3028; x_wconf 85' lang='grc' dir='ltr'><em>τὸ</em></span> <span class='ocrx_word' id='word_1_388' title='bbox 1217 2977 1298 3042; x_wconf 84' lang='grc' dir='ltr'><em>ὄνομα</em></span> <span class='ocrx_word' id='word_1_389' title='bbox 1305 3016 1312 3039; x_wconf 93' lang='grc'><em>,</em></span> <span class='ocrx_word' id='word_1_390' title='bbox 1339 2977 1401 3028; x_wconf 84' lang='grc' dir='ltr'><em>ὅταν</em></span> 
     </span>
     <span class='ocr_line' id='line_1_64' title="bbox 839 3067 1132 3135; baseline -0.01 -14"><span class='ocrx_word' id='word_1_391' title='bbox 839 3067 902 3121; x_wconf 84' lang='grc' dir='ltr'><em>αὐτὸ</em></span> <span class='ocrx_word' id='word_1_392' title='bbox 920 3067 1004 3135; x_wconf 89' lang='grc' dir='ltr'><em>μάτην</em></span> <span class='ocrx_word' id='word_1_393' title='bbox 1023 3067 1132 3135; x_wconf 84' lang='grc' dir='ltr'><em>γένηται.</em></span> 
     </span>
    </p>
   </div>
   <div class='ocr_carea' id='block_1_7' title="bbox 906 3152 1400 3228">
    <p class='ocr_par' dir='ltr' id='par_1_9' title="bbox 906 3152 1400 3228">
     <span class='ocr_line' id='line_1_65' title="bbox 906 3152 1400 3228; baseline -0.012 -16"><span class='ocrx_word' id='word_1_394' title='bbox 906 3155 975 3213; x_wconf 83' lang='lat' dir='ltr'>ibid.</span> <span class='ocrx_word' id='word_1_395' title='bbox 990 3172 1019 3228; x_wconf 87' lang='lat' dir='ltr'><em>p.</em></span> <span class='ocrx_word' id='word_1_396' title='bbox 1034 3153 1119 3215; x_wconf 80' lang='grc'><strong>1971)</strong></span> <span class='ocrx_word' id='word_1_397' title='bbox 1137 3152 1177 3212; x_wconf 81' lang='lat'><em>22</em></span> <span class='ocrx_word' id='word_1_398' title='bbox 1190 3171 1267 3226; x_wconf 83' lang='lat' dir='ltr'><strong>Sqq.:</strong></span> <span class='ocrx_word' id='word_1_399' title='bbox 1283 3157 1400 3223; x_wconf 87' lang='grc' dir='ltr'><em>Σημεῖον</em></span> 
     </span>
    </p>
   </div>
   <div class='ocr_carea' id='block_1_8' title="bbox 712 3241 1400 3316">
    <p class='ocr_par' dir='ltr' id='par_1_10' title="bbox 712 3241 1400 3316">
     <span class='ocr_line' id='line_1_66' title="bbox 712 3241 1400 3316; baseline -0.015 -11"><span class='ocrx_word' id='word_1_400' title='bbox 712 3283 719 3305; x_wconf 75' lang='grc' dir='ltr'><em>ι</em></span> <span class='ocrx_word' id='word_1_401' title='bbox 779 3241 784 3256; x_wconf 58' lang='grc'><strong>’</strong></span> <span class='ocrx_word' id='word_1_402' title='bbox 840 3246 869 3300; x_wconf 88' lang='lat'><em>66</em></span> <span class='ocrx_word' id='word_1_403' title='bbox 883 3247 911 3300; x_wconf 88' lang='grc' dir='ltr'><em>τὸ</em></span> <span class='ocrx_word' id='word_1_404' title='bbox 924 3247 1016 3316; x_wconf 88' lang='grc' dir='ltr'><em>μάτην,</em></span> <span class='ocrx_word' id='word_1_405' title='bbox 1030 3248 1068 3299; x_wconf 84' lang='grc' dir='ltr'><em>ὅτι</em></span> <span class='ocrx_word' id='word_1_406' title='bbox 1082 3246 1187 3314; x_wconf 85' lang='grc' dir='ltr'><em>λέγεται,</em></span> <span class='ocrx_word' id='word_1_407' title='bbox 1202 3247 1263 3297; x_wconf 83' lang='grc' dir='ltr'><em>ὅταν</em></span> <span class='ocrx_word' id='word_1_408' title='bbox 1277 3242 1314 3311; x_wconf 86' lang='grc' dir='ltr'><em>μὴ</em></span> <span class='ocrx_word' id='word_1_409' title='bbox 1325 3244 1400 3312; x_wconf 88' lang='grc' dir='ltr'><em>γε’νη-</em></span> 
     </span>
    </p>
   </div>
   <div class='ocr_carea' id='block_1_9' title="bbox 224 3329 789 3930">
    <p class='ocr_par' dir='ltr' id='par_1_11' title="bbox 224 3329 789 3930">
     <span class='ocr_line' id='line_1_67' title="bbox 224 3329 786 3397; baseline 0 -16"><span class='ocrx_word' id='word_1_410' title='bbox 224 3329 316 3382; x_wconf 89' lang='grc' dir='ltr'><em>τούτου</em></span> <span class='ocrx_word' id='word_1_411' title='bbox 331 3329 380 3397; x_wconf 88' lang='grc' dir='ltr'><em>οὐχ</em></span> <span class='ocrx_word' id='word_1_412' title='bbox 395 3331 515 3394; x_wconf 84' lang='grc' dir='ltr'><em>ἅπαντας,</em></span> <span class='ocrx_word' id='word_1_413' title='bbox 534 3330 591 3382; x_wconf 79' lang='grc' dir='ltr'><em>ἀλλ’</em></span> <span class='ocrx_word' id='word_1_414' title='bbox 613 3331 676 3397; x_wconf 81' lang='grc' dir='ltr'><em>ὅπερ</em></span> <span class='ocrx_word' id='word_1_415' title='bbox 695 3329 786 3383; x_wconf 79' lang='grc' dir='ltr'><em>ἄνκαὶ</em></span> 
     </span>
     <span class='ocr_line' id='line_1_68' title="bbox 225 3418 785 3487; baseline -0.002 -16"><span class='ocrx_word' id='word_1_416' title='bbox 225 3418 292 3471; x_wconf 89' lang='grc' dir='ltr'><em>κατὰ</em></span> <span class='ocrx_word' id='word_1_417' title='bbox 319 3421 469 3486; x_wconf 89' lang='grc' dir='ltr'><em>προαίρεσιν</em></span> <span class='ocrx_word' id='word_1_418' title='bbox 501 3418 531 3487; x_wconf 79' lang='grc' dir='ltr'><em>ᾗ,</em></span> <span class='ocrx_word' id='word_1_419' title='bbox 563 3420 600 3477; x_wconf 90' lang='grc' dir='ltr'><em>ὡς</em></span> <span class='ocrx_word' id='word_1_420' title='bbox 626 3420 785 3486; x_wconf 88' lang='grc' dir='ltr'><em>προείρηται.</em></span> 
     </span>
     <span class='ocr_line' id='line_1_69' title="bbox 227 3506 786 3575; baseline -0.004 -14"><span class='ocrx_word' id='word_1_421' title='bbox 227 3506 274 3561; x_wconf 66' lang='lat' dir='ltr'><em>Aa&amp;</em></span> <span class='ocrx_word' id='word_1_422' title='bbox 293 3507 339 3560; x_wconf 86' lang='grc' dir='ltr'><em>καὶ</em></span> <span class='ocrx_word' id='word_1_423' title='bbox 358 3507 385 3559; x_wconf 87' lang='grc' dir='ltr'><em>τδ</em></span> <span class='ocrx_word' id='word_1_424' title='bbox 405 3506 453 3574; x_wconf 82' lang='grc' dir='ltr'><em>μὲν</em></span> <span class='ocrx_word' id='word_1_425' title='bbox 472 3507 617 3575; x_wconf 83' lang='grc' dir='ltr'><em>αὐτόματον</em></span> <span class='ocrx_word' id='word_1_426' title='bbox 635 3507 723 3560; x_wconf 85' lang='grc' dir='ltr'><em>κοινὸν</em></span> <span class='ocrx_word' id='word_1_427' title='bbox 741 3508 786 3575; x_wconf 78' lang='grc' dir='ltr'><em>ε’μ-</em></span> 
     </span>
     <span class='ocr_line' id='line_1_70' title="bbox 224 3595 785 3665; baseline 0.004 -18"><span class='ocrx_word' id='word_1_428' title='bbox 224 3596 323 3664; x_wconf 82' lang='grc' dir='ltr'><em>ιγύχων</em></span> <span class='ocrx_word' id='word_1_429' title='bbox 350 3617 376 3648; x_wconf 87' lang='grc' dir='ltr'><em>τε</em></span> <span class='ocrx_word' id='word_1_430' title='bbox 403 3597 448 3649; x_wconf 85' lang='grc' dir='ltr'><em>καὶ</em></span> <span class='ocrx_word' id='word_1_431' title='bbox 473 3596 600 3664; x_wconf 81' lang='grc' dir='ltr'><em>ἀψύχων·</em></span> <span class='ocrx_word' id='word_1_432' title='bbox 627 3598 643 3665; x_wconf 82' lang='grc' dir='ltr'><em>ἡ</em></span> <span class='ocrx_word' id='word_1_433' title='bbox 670 3595 699 3650; x_wconf 83' lang='grc' dir='ltr'><em>δὲ</em></span> <span class='ocrx_word' id='word_1_434' title='bbox 721 3597 785 3664; x_wconf 92' lang='grc' dir='ltr'><em>τύχη</em></span> 
     </span>
     <span class='ocr_line' id='line_1_71' title="bbox 225 3685 787 3753; baseline 0.002 -16"><span class='ocrx_word' id='word_1_435' title='bbox 225 3687 291 3738; x_wconf 86' lang='grc' dir='ltr'><em>ἴδιον</em></span> <span class='ocrx_word' id='word_1_436' title='bbox 316 3685 461 3753; x_wconf 85' lang='grc' dir='ltr'><em>ἀνθρώπου</em></span> <span class='ocrx_word' id='word_1_437' title='bbox 489 3686 540 3753; x_wconf 82' lang='grc' dir='ltr'><em>ἤδη</em></span> <span class='ocrx_word' id='word_1_438' title='bbox 572 3685 691 3752; x_wconf 86' lang='grc' dir='ltr'><em>πράττειν</em></span> <span class='ocrx_word' id='word_1_439' title='bbox 710 3687 787 3738; x_wconf 89' lang='grc' dir='ltr'><em>δυνα-</em></span> 
     </span>
     <span class='ocr_line' id='line_1_72' title="bbox 224 3763 789 3842; baseline 0.002 -16"><span class='ocrx_word' id='word_1_440' title='bbox 224 3774 312 3842; x_wconf 83' lang='grc' dir='ltr'><em>μένου.</em></span> <span class='ocrx_word' id='word_1_441' title='bbox 354 3763 500 3842; x_wconf 85' lang='grc' dir='ltr'><em>Τεκμήριον</em></span> <span class='ocrx_word' id='word_1_442' title='bbox 519 3773 548 3827; x_wconf 82' lang='grc' dir='ltr'><em>δὲ</em></span> <span class='ocrx_word' id='word_1_443' title='bbox 565 3775 603 3826; x_wconf 86' lang='grc' dir='ltr'><em>ὅτι</em></span> <span class='ocrx_word' id='word_1_444' title='bbox 627 3774 655 3826; x_wconf 91' lang='grc' dir='ltr'><em>τὸ</em></span> <span class='ocrx_word' id='word_1_445' title='bbox 673 3774 789 3842; x_wconf 84' lang='grc' dir='ltr'><em>εὐτυχεῖν</em></span> 
     </span>
     <span class='ocr_line' id='line_1_73' title="bbox 225 3862 787 3930; baseline 0.002 -15"><span class='ocrx_word' id='word_1_446' title='bbox 225 3863 271 3916; x_wconf 84' lang='grc' dir='ltr'><em>καὶ</em></span> <span class='ocrx_word' id='word_1_447' title='bbox 290 3863 452 3930; x_wconf 87' lang='grc' dir='ltr'><em>εὐδαιμονεῖν</em></span> <span class='ocrx_word' id='word_1_448' title='bbox 466 3862 545 3917; x_wconf 84' lang='grc' dir='ltr'><em>ταύτὰ</em></span> <span class='ocrx_word' id='word_1_449' title='bbox 561 3863 626 3916; x_wconf 86' lang='grc' dir='ltr'><em>εἶναι</em></span> <span class='ocrx_word' id='word_1_450' title='bbox 641 3863 787 3925; x_wconf 84' lang='grc' dir='ltr'><em>δοξάζεται·</em></span> 
     </span>
    </p>
   </div>
   <div class='ocr_carea' id='block_1_10' title="bbox 839 3326 1402 3930">
    <p class='ocr_par' dir='ltr' id='par_1_12' title="bbox 839 3326 1402 3930">
     <span class='ocr_line' id='line_1_74' title="bbox 839 3326 1399 3405; baseline -0.011 -15"><span class='ocrx_word' id='word_1_451' title='bbox 839 3359 880 3390; x_wconf 91' lang='grc' dir='ltr'><em>ται</em></span> <span class='ocrx_word' id='word_1_452' title='bbox 899 3346 936 3404; x_wconf 78' lang='grc' dir='ltr'><em>τῷ</em></span> <span class='ocrx_word' id='word_1_453' title='bbox 946 3338 1022 3390; x_wconf 82' lang='grc' dir='ltr'><em>ἕνεκα</em></span> <span class='ocrx_word' id='word_1_454' title='bbox 1036 3337 1115 3389; x_wconf 91' lang='grc' dir='ltr'><em>άλλου</em></span> <span class='ocrx_word' id='word_1_455' title='bbox 1131 3335 1216 3387; x_wconf 80' lang='grc' dir='ltr'><em>ἐκεῖνο</em></span> <span class='ocrx_word' id='word_1_456' title='bbox 1232 3334 1265 3386; x_wconf 87' lang='grc' dir='ltr'><em>οὑ</em></span> <span class='ocrx_word' id='word_1_457' title='bbox 1281 3326 1399 3405; x_wconf 54' lang='grc' dir='ltr'><em>ἕνεκαῖ),</em></span> 
     </span>
     <span class='ocr_line' id='line_1_75' title="bbox 840 3423 1400 3495; baseline -0.005 -16"><span class='ocrx_word' id='word_1_458' title='bbox 840 3427 895 3479; x_wconf 82' lang='grc' dir='ltr'><em>οἷον</em></span> <span class='ocrx_word' id='word_1_459' title='bbox 914 3426 942 3479; x_wconf 85' lang='grc' dir='ltr'><em>τὸ</em></span> <span class='ocrx_word' id='word_1_460' title='bbox 955 3427 1060 3495; x_wconf 90' lang='grc' dir='ltr'><em>βαδίσαι</em></span> <span class='ocrx_word' id='word_1_461' title='bbox 1074 3425 1211 3486; x_wconf 84' lang='grc' dir='ltr'><em>λαπάξεως</em></span> <span class='ocrx_word' id='word_1_462' title='bbox 1226 3423 1302 3475; x_wconf 80' lang='grc' dir='ltr'><em>ἕνεκά</em></span> <span class='ocrx_word' id='word_1_463' title='bbox 1321 3423 1400 3476; x_wconf 89' lang='grc' dir='ltr'><em>ε’στιν·</em></span> 
     </span>
     <span class='ocr_line' id='line_1_76' title="bbox 840 3512 1401 3583; baseline -0.005 -15"><span class='ocrx_word' id='word_1_464' title='bbox 840 3517 864 3567; x_wconf 85' lang='grc' dir='ltr'><em>εἰ</em></span> <span class='ocrx_word' id='word_1_465' title='bbox 882 3515 910 3568; x_wconf 83' lang='grc' dir='ltr'><em>δὲ</em></span> <span class='ocrx_word' id='word_1_466' title='bbox 923 3514 960 3583; x_wconf 86' lang='grc' dir='ltr'><em>μὴ</em></span> <span class='ocrx_word' id='word_1_467' title='bbox 980 3516 1077 3583; x_wconf 82' lang='grc' dir='ltr'><em>ἐγένετο</em></span> <span class='ocrx_word' id='word_1_468' title='bbox 1091 3515 1233 3582; x_wconf 88' lang='grc' dir='ltr'><em>βαδίσαντι,</em></span> <span class='ocrx_word' id='word_1_469' title='bbox 1251 3512 1335 3580; x_wconf 88' lang='grc' dir='ltr'><em>μάτην</em></span> <span class='ocrx_word' id='word_1_470' title='bbox 1350 3533 1401 3579; x_wconf 91' lang='grc' dir='ltr'><em>φα-</em></span> 
     </span>
     <span class='ocr_line' id='line_1_77' title="bbox 840 3600 1401 3673; baseline -0.009 -15"><span class='ocrx_word' id='word_1_471' title='bbox 840 3603 888 3672; x_wconf 75' lang='grc' dir='ltr'><em>μὲν</em></span> <span class='ocrx_word' id='word_1_472' title='bbox 905 3606 1010 3673; x_wconf 91' lang='grc' dir='ltr'><em>βαδίσαι</em></span> <span class='ocrx_word' id='word_1_473' title='bbox 1030 3604 1074 3656; x_wconf 86' lang='grc' dir='ltr'><em>καὶ</em></span> <span class='ocrx_word' id='word_1_474' title='bbox 1089 3603 1105 3671; x_wconf 85' lang='grc' dir='ltr'><em>ἡ</em></span> <span class='ocrx_word' id='word_1_475' title='bbox 1120 3603 1221 3672; x_wconf 88' lang='grc' dir='ltr'><em>βάδισις</em></span> <span class='ocrx_word' id='word_1_476' title='bbox 1239 3602 1344 3668; x_wconf 88' lang='grc' dir='ltr'><em>ματαία,</em></span> <span class='ocrx_word' id='word_1_477' title='bbox 1363 3600 1401 3660; x_wconf 83' lang='grc' dir='ltr'><em>ὡς</em></span> 
     </span>
     <span class='ocr_line' id='line_1_78' title="bbox 842 3690 1401 3760; baseline -0.013 -13"><span class='ocrx_word' id='word_1_478' title='bbox 842 3702 916 3747; x_wconf 83' lang='grc' dir='ltr'><em>τοῦτο</em></span> <span class='ocrx_word' id='word_1_479' title='bbox 936 3694 965 3746; x_wconf 85' lang='grc' dir='ltr'><em>ὂν</em></span> <span class='ocrx_word' id='word_1_480' title='bbox 979 3693 1007 3745; x_wconf 92' lang='grc' dir='ltr'><em>τὸ</em></span> <span class='ocrx_word' id='word_1_481' title='bbox 1024 3693 1117 3760; x_wconf 91' lang='grc' dir='ltr'><em>μάτην,</em></span> <span class='ocrx_word' id='word_1_482' title='bbox 1136 3691 1164 3744; x_wconf 90' lang='grc' dir='ltr'><em>τδ</em></span> <span class='ocrx_word' id='word_1_483' title='bbox 1182 3690 1303 3759; x_wconf 86' lang='grc' dir='ltr'><em>πεφυκὸς</em></span> <span class='ocrx_word' id='word_1_484' title='bbox 1322 3690 1401 3742; x_wconf 91' lang='grc' dir='ltr'><em>άλλου</em></span> 
     </span>
     <span class='ocr_line' id='line_1_79' title="bbox 842 3769 1402 3840; baseline -0.009 -14"><span class='ocrx_word' id='word_1_485' title='bbox 842 3775 932 3837; x_wconf 83' lang='grc' dir='ltr'><em>ἕνεκα,</em></span> <span class='ocrx_word' id='word_1_486' title='bbox 959 3774 1020 3825; x_wconf 85' lang='grc' dir='ltr'><em>ὅταν</em></span> <span class='ocrx_word' id='word_1_487' title='bbox 1050 3771 1087 3839; x_wconf 86' lang='grc' dir='ltr'><em>μὴ</em></span> <span class='ocrx_word' id='word_1_488' title='bbox 1115 3773 1224 3840; x_wconf 82' lang='grc' dir='ltr'><em>περαίνη</em></span> <span class='ocrx_word' id='word_1_489' title='bbox 1257 3771 1342 3823; x_wconf 81' lang='grc' dir='ltr'><em>ἐκεῖνο</em></span> <span class='ocrx_word' id='word_1_490' title='bbox 1369 3769 1402 3822; x_wconf 89' lang='grc' dir='ltr'><em>οὑ</em></span> 
     </span>
     <span class='ocr_line' id='line_1_80' title="bbox 843 3862 1138 3930; baseline -0.007 -14"><span class='ocrx_word' id='word_1_491' title='bbox 843 3864 920 3916; x_wconf 86' lang='grc' dir='ltr'><em>ἕνεκα</em></span> <span class='ocrx_word' id='word_1_492' title='bbox 939 3862 1066 3930; x_wconf 83' lang='grc' dir='ltr'><em>ἐπεφύκει</em></span> <span class='ocrx_word' id='word_1_493' title='bbox 1084 3863 1138 3914; x_wconf 89' lang='grc' dir='ltr'><em>κτλ.</em></span> 
     </span>
    </p>
   </div>
   <div class='ocr_carea' id='block_1_11' title="bbox 226 4065 1403 4494">
    <p class='ocr_par' dir='ltr' id='par_1_13' title="bbox 226 4065 1403 4494">
     <span class='ocr_line' id='line_1_81' title="bbox 315 4065 1402 4136; baseline -0.003 -14.963"><span class='ocrx_word' id='word_1_494' title='bbox 315 4069 439 4136; x_wconf 87' lang='lat' dir='ltr'>¹)Hune</span> <span class='ocrx_word' id='word_1_495' title='bbox 461 4067 579 4121; x_wconf 89' lang='lat' dir='ltr'>loeum</span> <span class='ocrx_word' id='word_1_496' title='bbox 571 4085 626 4121; x_wconf 83' lang='lat' dir='ltr'><em>rem</em></span> <span class='ocrx_word' id='word_1_497' title='bbox 644 4067 843 4136; x_wconf 82' lang='lat' dir='ltr'>Wyttenbaeh,</span> <span class='ocrx_word' id='word_1_498' title='bbox 863 4074 895 4121; x_wconf 90' lang='lat' dir='ltr'><em>ut</em></span> <span class='ocrx_word' id='word_1_499' title='bbox 917 4084 991 4121; x_wconf 88' lang='lat' dir='ltr'>nune</span> <span class='ocrx_word' id='word_1_500' title='bbox 1009 4069 1117 4122; x_wconf 86' lang='lat' dir='ltr'>demum</span> <span class='ocrx_word' id='word_1_501' title='bbox 1135 4067 1226 4136; x_wconf 85' lang='lat' dir='ltr'>video,</span> <span class='ocrx_word' id='word_1_502' title='bbox 1247 4085 1280 4122; x_wconf 82' lang='lat' dir='ltr'><em>ex</em></span> <span class='ocrx_word' id='word_1_503' title='bbox 1298 4065 1402 4119; x_wconf 82' lang='lat' dir='ltr'>Aristo-</span> 
     </span>
     <span class='ocr_line' id='line_1_82' title="bbox 227 4136 1403 4221; baseline -0.003 -28"><span class='ocrx_word' id='word_1_504' title='bbox 227 4140 283 4193; x_wconf 92' lang='lat' dir='ltr'>tele</span> <span class='ocrx_word' id='word_1_505' title='bbox 298 4145 440 4221; x_wconf 78' lang='lat' dir='ltr'>sumptum</span> <span class='ocrx_word' id='word_1_506' title='bbox 455 4156 514 4193; x_wconf 81' lang='lat' dir='ltr'>esse</span> <span class='ocrx_word' id='word_1_507' title='bbox 529 4139 668 4206; x_wconf 78' lang='lat' dir='ltr'>perspexit</span> <span class='ocrx_word' id='word_1_508' title='bbox 687 4139 768 4208; x_wconf 85' lang='lat' dir='ltr'>(adl.</span> <span class='ocrx_word' id='word_1_509' title='bbox 788 4140 825 4208; x_wconf 90' lang='grc'><em>1.).</em></span> <span class='ocrx_word' id='word_1_510' title='bbox 858 4139 928 4192; x_wconf 85' lang='lat' dir='ltr'><em>Nam</em></span> <span class='ocrx_word' id='word_1_511' title='bbox 941 4139 1093 4208; x_wconf 73' lang='lat' dir='ltr'>stagiritae</span> <span class='ocrx_word' id='word_1_512' title='bbox 1113 4146 1244 4193; x_wconf 82' lang='lat' dir='ltr'>contextu</span> <span class='ocrx_word' id='word_1_513' title='bbox 1262 4136 1403 4206; x_wconf 79' lang='lat' dir='ltr'>supposito</span> 
     </span>
     <span class='ocr_line' id='line_1_83' title="bbox 226 4209 1402 4278; baseline -0.004 -15"><span class='ocrx_word' id='word_1_514' title='bbox 226 4210 284 4278; x_wconf 79' lang='lat' dir='ltr'>legl</span> <span class='ocrx_word' id='word_1_515' title='bbox 296 4210 388 4264; x_wconf 70' lang='lat'><em>1118816</em></span> <span class='ocrx_word' id='word_1_516' title='bbox 402 4211 474 4262; x_wconf 89' lang='grc' dir='ltr'><em>Εστι</em></span> <span class='ocrx_word' id='word_1_517' title='bbox 489 4209 518 4262; x_wconf 85' lang='grc' dir='ltr'><em>δὲ</em></span> <span class='ocrx_word' id='word_1_518' title='bbox 531 4211 591 4262; x_wconf 82' lang='grc' dir='ltr'><em>κατ’</em></span> <span class='ocrx_word' id='word_1_519' title='bbox 609 4212 690 4277; x_wconf 77' lang='grc' dir='ltr'><em>ὄνομα</em></span> <span class='ocrx_word' id='word_1_520' title='bbox 704 4211 767 4277; x_wconf 86' lang='grc' dir='ltr'><em>ὅπερ</em></span> <span class='ocrx_word' id='word_1_521' title='bbox 782 4209 845 4262; x_wconf 86' lang='grc' dir='ltr'><em>αὑτὸ</em></span> <span class='ocrx_word' id='word_1_522' title='bbox 858 4231 943 4278; x_wconf 89' lang='grc' dir='ltr'><em>ματην</em></span> <span class='ocrx_word' id='word_1_523' title='bbox 953 4230 1061 4277; x_wconf 88' lang='grc' dir='ltr'><em>γενεται</em></span> <span class='ocrx_word' id='word_1_524' title='bbox 1077 4213 1137 4263; x_wconf 87' lang='grc' dir='ltr'><em>ὁταν</em></span> <span class='ocrx_word' id='word_1_525' title='bbox 1152 4232 1179 4262; x_wconf 92' lang='grc' dir='ltr'><em>το</em></span> <span class='ocrx_word' id='word_1_526' title='bbox 1188 4231 1308 4278; x_wconf 86' lang='grc' dir='ltr'><em>πεφυκος</em></span> <span class='ocrx_word' id='word_1_527' title='bbox 1323 4209 1402 4261; x_wconf 83' lang='grc' dir='ltr'><em>ἄλλου</em></span> 
     </span>
     <span class='ocr_line' id='line_1_84' title="bbox 226 4280 1403 4371; baseline -0.003 -37"><span class='ocrx_word' id='word_1_528' title='bbox 226 4282 304 4334; x_wconf 85' lang='grc' dir='ltr'><em>ἕνεκα</em></span> <span class='ocrx_word' id='word_1_529' title='bbox 320 4280 358 4349; x_wconf 83' lang='grc' dir='ltr'><em>μὴ</em></span> <span class='ocrx_word' id='word_1_530' title='bbox 377 4282 462 4333; x_wconf 88' lang='grc' dir='ltr'><em>εκεῖνο</em></span> <span class='ocrx_word' id='word_1_531' title='bbox 480 4283 602 4371; x_wconf 74' lang='grc' dir='ltr'><em>περαίνη,</em></span> <span class='ocrx_word' id='word_1_532' title='bbox 622 4281 653 4333; x_wconf 82' lang='grc' dir='ltr'><em>οὗ</em></span> <span class='ocrx_word' id='word_1_533' title='bbox 675 4281 752 4334; x_wconf 82' lang='grc' dir='ltr'><em>ἕνεκα</em></span> <span class='ocrx_word' id='word_1_534' title='bbox 775 4281 808 4348; x_wconf 84' lang='grc' dir='ltr'><em>ἦν</em></span> <span class='ocrx_word' id='word_1_535' title='bbox 832 4281 878 4334; x_wconf 86' lang='grc' dir='ltr'><em>καὶ</em></span> <span class='ocrx_word' id='word_1_536' title='bbox 897 4281 1034 4348; x_wconf 83' lang='grc' dir='ltr'><em>ἐπεφύκει·</em></span> <span class='ocrx_word' id='word_1_537' title='bbox 1055 4282 1110 4334; x_wconf 82' lang='grc' dir='ltr'><em>οἷον</em></span> <span class='ocrx_word' id='word_1_538' title='bbox 1128 4281 1245 4334; x_wconf 86' lang='grc' dir='ltr'><em>δοκεῖ</em></span> <span class='ocrx_word' id='word_1_539' title='bbox 1220 4303 1248 4333; x_wconf 88' lang='grc' dir='ltr'><em>το</em></span> <span class='ocrx_word' id='word_1_540' title='bbox 1266 4280 1318 4333; x_wconf 87' lang='grc' dir='ltr'><em>ὑπὸ</em></span> <span class='ocrx_word' id='word_1_541' title='bbox 1336 4280 1403 4331; x_wconf 89' lang='grc' dir='ltr'><em>κύνα</em></span> 
     </span>
     <span class='ocr_line' id='line_1_85' title="bbox 227 4351 1402 4421; baseline -0.004 -15"><span class='ocrx_word' id='word_1_542' title='bbox 227 4361 327 4421; x_wconf 82' lang='grc' dir='ltr'><em>ψῦχος·</em></span> <span class='ocrx_word' id='word_1_543' title='bbox 348 4353 403 4404; x_wconf 90' lang='grc' dir='ltr'><em>τότε</em></span> <span class='ocrx_word' id='word_1_544' title='bbox 421 4352 469 4420; x_wconf 88' lang='grc' dir='ltr'><em>γὰρ</em></span> <span class='ocrx_word' id='word_1_545' title='bbox 494 4351 522 4404; x_wconf 85' lang='grc' dir='ltr'><em>τὸ</em></span> <span class='ocrx_word' id='word_1_546' title='bbox 541 4360 628 4420; x_wconf 85' lang='grc' dir='ltr'><em>φῦχος</em></span> <span class='ocrx_word' id='word_1_547' title='bbox 651 4352 735 4420; x_wconf 90' lang='grc' dir='ltr'><em>μάτην</em></span> <span class='ocrx_word' id='word_1_548' title='bbox 754 4351 851 4405; x_wconf 76' lang='grc' dir='ltr'><em>οὐδὲ”</em></span> <span class='ocrx_word' id='word_1_549' title='bbox 833 4373 875 4405; x_wconf 90' lang='grc' dir='ltr'><em>οτε</em></span> <span class='ocrx_word' id='word_1_550' title='bbox 896 4352 1001 4421; x_wconf 84' lang='grc' dir='ltr'><em>πέφυκε</em></span> <span class='ocrx_word' id='word_1_551' title='bbox 1019 4353 1127 4420; x_wconf 79' lang='grc' dir='ltr'><em>γέγονεν.</em></span> <span class='ocrx_word' id='word_1_552' title='bbox 1164 4353 1198 4405; x_wconf 88' lang='grc' dir='ltr'><em>Τὸ</em></span> <span class='ocrx_word' id='word_1_553' title='bbox 1217 4352 1246 4405; x_wconf 85' lang='lat'><em>66</em></span> <span class='ocrx_word' id='word_1_554' title='bbox 1269 4353 1329 4404; x_wconf 85' lang='grc' dir='ltr'><em>ὅλον</em></span> <span class='ocrx_word' id='word_1_555' title='bbox 1347 4351 1402 4402; x_wconf 90' lang='grc' dir='ltr'><em>κτλ.</em></span> 
     </span>
     <span class='ocr_line' id='line_1_86' title="bbox 316 4423 1403 4494; baseline -0.002 -17"><span class='ocrx_word' id='word_1_556' title='bbox 316 4424 337 4493; x_wconf 63' lang='lat'><em>2)</em></span> <span class='ocrx_word' id='word_1_557' title='bbox 356 4425 435 4478; x_wconf 82' lang='lat' dir='ltr'>Hane</span> <span class='ocrx_word' id='word_1_558' title='bbox 458 4423 621 4492; x_wconf 81' lang='lat' dir='ltr'>scripturam</span> <span class='ocrx_word' id='word_1_559' title='bbox 645 4424 830 4492; x_wconf 78' lang='lat' dir='ltr'>comprobavit</span> <span class='ocrx_word' id='word_1_560' title='bbox 847 4423 946 4478; x_wconf 84' lang='lat' dir='ltr'>Bonitz</span> <span class='ocrx_word' id='word_1_561' title='bbox 970 4424 1053 4494; x_wconf 84' lang='lat' dir='ltr'>(stud.</span> <span class='ocrx_word' id='word_1_562' title='bbox 1072 4424 1188 4479; x_wconf 87' lang='lat' dir='ltr'>Aristot.</span> <span class='ocrx_word' id='word_1_563' title='bbox 1212 4426 1226 4478; x_wconf 92' lang='lat' dir='ltr'>I</span> <span class='ocrx_word' id='word_1_564' title='bbox 1248 4441 1274 4492; x_wconf 89' lang='lat' dir='ltr'><em>p.</em></span> <span class='ocrx_word' id='word_1_565' title='bbox 1294 4424 1403 4490; x_wconf 86' lang='lat' dir='ltr'>40sq.).</span> 
     </span>
    </p>
   </div>
   <div class='ocr_carea' id='block_1_12' title="bbox 0 0 1573 5002">
    <p class='ocr_par' dir='ltr' id='par_1_14' title="bbox 0 0 1573 5002">
     <span class='ocr_line' id='line_1_87' title="bbox 0 0 1573 5002; baseline 0 0"><span class='ocrx_word' id='word_1_566' title='bbox 0 0 1573 5002; x_wconf 95' lang='lat' dir='ltr'><em> </em></span> 
     </span>
    </p>
   </div>
  </div>
 </body>
</html>
