3126 5002
628 243 849 305 ,33-

152 447 207 495 γεια
225 434 278 484 τοῖς
296 426 434 494 ούρανίοις.
468 426 515 484 Ὡς
533 426 578 478 καὶ
598 425 712 478 Πλάτων
765 426 802 484 εἰς
825 425 855 478 τὰ
879 425 925 478 ὑπ’
951 427 1031 494 αύτῆς
1059 427 1196 495 τεταγμένα
1219 426 1249 479 τὰ
1273 428 1327 479 ἕπτ’-

151 515 257 584 ᾐνίξατο
271 523 323 574 τοΐς
338 522 390 567 τῶν
404 517 518 582 Μοιρῶν
533 514 650 582 ὀνόμασι,
665 514 712 582 τὴν
765 536 838 583 γεια.
854 555 860 565 .
877 555 903 567 ..
932 515 962 568 τὰ
991 514 1020 568 δὲ
1046 516 1113 569 καθ’
1143 517 1241 569 ἕκαστα
1268 517 1327 584 περὶ

139 604 200 672 Υμἐν
213 605 344 672 Ἄτροπον,
363 603 409 672 τὴν
427 604 457 656 δὲ
472 604 600 672 Λάχεσιν,
619 604 665 672 τὴν
683 602 713 656 δὲ
766 604 898 656 τούτωνὸ
920 605 1106 672 ἕτεροςμῦύος
1125 605 1140 655 ὁ
1157 605 1185 657 ἒν
1200 612 1231 672 τῇ
1245 606 1327 659 Πολι-

152 692 261 746 Κλωύὼ
279 694 505 762 προσαγορεύσας·
766 694 819 761 τείᾳ
836 695 949 760 μετρίως
967 694 1108 746 αἰνίττεται.

240 781 294 839 His
317 781 387 838 locis
415 779 582 837 examinatis
610 797 667 837 non
694 797 769 836 vana
796 780 850 836 tibi
872 780 1014 837 videbitur
1040 781 1164 853 suspicio
1187 781 1267 838 illam
1291 781 1326 838 li-

151 871 219 928 belli
251 871 409 928 doctrinam
441 888 474 926 ex
497 869 658 927 Academici
687 869 833 927 cuiusdam
864 869 989 940 scriniis,
1019 870 1067 942 qui
1099 870 1232 927 floruerat
1261 872 1326 927 ante

152 960 345 1030 Plutarchum,
369 959 502 1016 haustam
527 976 596 1016 esso.
633 958 695 1015 Hoc
710 960 808 1015 contra
827 959 979 1016 Gerckeum
999 960 1146 1028 contendo,
1171 959 1219 1033 qui
1244 961 1327 1033 (inus.

151 1050 240 1107 lthen.
265 1050 284 1107 l.
309 1050 328 1106 l.
353 1067 381 1120 p.
407 1046 484 1121 279)
508 1048 587 1105 illum
610 1047 801 1116 Platonicum,
827 1048 862 1105 ad
887 1066 968 1120 quern
997 1049 1119 1106 redirent
1147 1051 1175 1106 et
1202 1049 1327 1107 Pseudo-

152 1138 318 1222 plutarchus
347 1140 375 1194 et
399 1137 575 1207 ChalcidiuS,
605 1139 671 1194 ante
695 1137 848 1195 Traianum
878 1137 966 1195 fuisse
989 1139 1115 1211 negavit.
1162 1138 1240 1207 Quae
1265 1155 1328 1195 cum

152 1229 193 1286 ita
226 1228 298 1297 sint,
322 1227 477 1285 Parcarum
510 1227 679 1284 mentionem
711 1227 816 1284 maiore
845 1244 907 1284 cum
935 1227 1149 1300 probabilitatis
1178 1228 1271 1300 specie
1295 1246 1328 1285 ex

152 1321 243 1375 vetere
266 1317 437 1374 Academica
461 1333 602 1389 quamex
626 1316 721 1374 Stoica
745 1316 896 1388 disciplina
925 1317 953 1373 in
978 1335 1040 1374 eum
1063 1316 1191 1374 libellum
1214 1317 1248 1374 de
1272 1334 1326 1390 quo

152 1407 263 1479 agimus
287 1424 420 1463 manasse
439 1422 607 1478 persuasum
621 1405 721 1464 habeo.
765 1406 845 1474 Quod
869 1394 934 1464 uero
958 1406 1133 1480 Chrysippus
1157 1407 1184 1463 in
1209 1407 1325 1464 eandem

152 1496 308 1553 doctrinam
332 1495 493 1565 inclinavit,
518 1496 572 1552 hac
595 1513 624 1552 re
648 1495 737 1552 denno
762 1495 974 1568 comprobatur,
1002 1513 1087 1569 quam
1111 1495 1182 1553 artis
1205 1496 1326 1553 vinculis

151 1585 280 1643 Porticus
305 1587 437 1642 etvetus
460 1585 614 1642 Academia
638 1585 804 1642 coniunctae
827 1584 931 1642 fuerint
956 1585 1003 1658 (cf.
1029 1602 1116 1657 supra
1139 1603 1167 1657 p.
1195 1583 1273 1658 ll).

239 1674 293 1732 His
322 1673 445 1746 peractis
473 1675 641 1732 accedamus
670 1675 706 1731 ad
733 1674 834 1731 ultima
861 1674 951 1731 nostri
979 1675 1068 1731 libelli
1097 1675 1193 1746 capita
1217 1673 1323 1734 9—11

152 1765 248 1834 aperte
272 1765 388 1821 eandem
412 1763 611 1820 Academicum
634 1766 755 1821 mentem
779 1763 928 1835 spirantia.
975 1764 1020 1821 lbi
1047 1763 1193 1837 tripartita
1216 1763 1326 1820 induci-

85 1910 87 1916 ,
151 1855 197 1910 tur
224 1853 414 1925 providentia:
448 1853 540 1924 prima
568 1855 596 1910 et
624 1870 755 1926 suprema
784 1855 827 1910 est
856 1853 991 1926 cogitatio
1016 1855 1044 1910 et
1066 1853 1200 1910 voluntas
1224 1854 1325 1910 summi

152 1942 209 2011 dei,
239 1961 295 2016 qua
319 1943 448 2015 singulae
477 1942 588 2000 divinae
616 1960 661 1999 res
690 1943 794 2016 optime
823 1945 851 1999 et
874 1942 1058 2014 pulcherrime
1082 1943 1229 1999 ordinatae
1253 1943 1324 2010 sint,

151 2032 241 2089 altera
265 2034 308 2090 est
331 2049 418 2105 penos
442 2032 508 2089 deos
528 2031 644 2089 secundi
664 2032 769 2098 ordinis
792 2050 842 2104 per
865 2032 973 2088 caelum
996 2033 1146 2104 vagantes,
1171 2049 1228 2104 qua
1251 2049 1325 2088 mor-

150 2120 251 2178 talium
269 2139 314 2178 res
338 2121 543 2194 gubementur3
567 2121 653 2179 tertia
673 2123 715 2178 est
734 2121 911 2193 providentia
935 2123 962 2178 et
985 2121 1146 2193 procuratio
1169 2121 1324 2193 geniorum,

151 2210 198 2282 qui
225 2213 331 2267 terram
360 2209 476 2283 propius
507 2211 637 2268 collocati
666 2228 710 2267 res
738 2210 881 2267 hominum
905 2213 1001 2267 curent
1026 2227 1128 2283 eosque
1152 2210 1324 2267 custodiant.

150 2299 242 2356 Huius
266 2300 469 2372 disputationis
494 2317 604 2357 summa
622 2301 696 2357 unde
720 2300 852 2372 pendeat,
877 2301 957 2357 docet
971 2299 1164 2357 testimonium
1188 2298 1324 2357 simillimi

150 2387 274 2445 Nemesii
296 2389 352 2446 loci
376 2389 421 2462 (do
444 2390 503 2449 nat.
523 2389 596 2447 hom.
613 2387 656 2447 44
679 2407 707 2460 p.
730 2387 793 2449 176
804 2388 869 2466 sd),
895 2407 949 2461 quo
973 2389 1086 2446 disertis
1109 2388 1204 2446 verbis
1228 2388 1324 2444 eadem

150 2477 257 2548 placita
277 2478 314 2534 ad
332 2477 480 2534 Platonem
503 2478 670 2535 referuntur.
708 2478 805 2535 Potuit
828 2478 952 2549 profecto
977 2479 1052 2535 hanc
1070 2478 1226 2535 doctrinam
1248 2478 1324 2534 Aca-

151 2566 274 2623 demicus
303 2567 406 2639 ahquis
435 2567 559 2624 invenire
587 2568 615 2624 in
644 2567 758 2623 Timaeo
783 2562 823 2644 (p.
849 2565 969 2642 38sq.),
999 2567 1048 2623 ubi
1077 2584 1203 2624 summus
1227 2567 1325 2623 mundi

149 2658 311 2728 procreator
330 2674 347 2712 a
365 2656 536 2714 caelestibus
556 2657 615 2714 deis
635 2656 803 2713 discernitur
826 2659 853 2713 et
874 2657 913 2727 (p.
930 2651 1004 2727 lod)
1030 2656 1181 2712 daemones
1205 2655 1324 2713 strictim

150 2747 410 2803 commemorantur.
460 2745 521 2803 Nec
553 2746 832 2818 praetermittendum
870 2747 913 2802 est
951 2745 1120 2802 subditiciae
1157 2745 1324 2817 epinomidis

149 2834 313 2907 scriptorem
337 2835 373 2891 ad
396 2835 569 2892 mundanam
594 2835 726 2903 animam,
751 2851 836 2906 quam
860 2852 911 2906 pro
935 2835 983 2891 illo
1008 2852 1115 2891 summo
1140 2834 1191 2892 deo
1216 2834 1323 2891 substi-

148 2922 217 2992 tuit,
246 2925 274 2980 et
302 2925 338 2980 ad
365 2924 502 2982 caelestes
530 2925 597 2982 deos
625 2926 653 2981 et
681 2925 718 2981 ad
746 2925 896 2980 daemones
925 2941 1033 2980 omitum
1057 2923 1221 2996 religionem
1244 2940 1323 2980 revo-

149 3028 229 3069 casse
258 3012 306 3084 (cf.
331 3013 404 3084 epin.
437 3030 465 3085 p.
500 3008 623 3087 calci).
676 3014 763 3070 Porro
795 3013 957 3069 memoriam
989 3014 1172 3085 repraesenta
1207 3012 1323 3069 Stobaei

148 3101 302 3158 testimonii
327 3102 391 3173 (ecl.
407 3103 429 3171 l,
450 3102 476 3171 l,
502 3097 575 3175 291³)
596 3120 613 3159 a
634 3102 717 3159 nobis
742 3101 798 3158 iam
822 3120 907 3174 saepe
930 3102 1033 3159 vexati.
1071 3101 1146 3158 Nam
1162 3119 1242 3159 nemo
1266 3119 1322 3159 non

147 3189 254 3247 Videbit
277 3190 306 3247 in
326 3191 506 3248 Chalcedonii
524 3191 617 3248 verbis
641 3193 687 3261 τὴν
708 3193 809 3259 μονάδα
829 3233 835 3244 .
856 3233 861 3244 .
883 3233 888 3244 .
912 3193 950 3251 ὡς
973 3193 1069 3259 ἄρρενα
1092 3192 1189 3260 πατρὸς
1208 3194 1323 3260 ἔχουσαν

147 3280 229 3343 τάξιν,
252 3281 279 3333 ἒν
301 3281 407 3349 οὐρανῷ
430 3283 631 3350 βασιλεύουσαν,
654 3283 743 3349 ἥντινα
764 3283 952 3349 προσαγορεύει
974 3281 1020 3334 καὶ
1038 3283 1111 3350 Ζῆνα
1135 3282 1180 3334 καὶ
1204 3281 1322 3349 περιττὸν

147 3368 192 3421 καὶ
210 3376 280 3432 νοῦν,
299 3371 367 3429 ὅστις
385 3371 453 3423 ε’στὶν
471 3370 543 3438 αὐτῷ
561 3377 687 3438 πρῶτος
705 3371 792 3428 ύεός·
814 3411 819 3422 .
841 3411 846 3422 .
867 3411 872 3422 .
899 3370 966 3425 Θεὸν
985 3371 1011 3422 δ’
1032 3370 1096 3423 εἶναι
1115 3371 1160 3423 καὶ
1179 3355 1223 3422 τὸν
1242 3370 1321 3437 ούρα-

146 3456 191 3509 νὸν
209 3457 254 3510 καὶ
273 3456 345 3516 τούς
364 3458 499 3526 ἀστέρας
517 3459 682 3527 πυρώδεις
698 3459 892 3526 Ὀλυμπίους
910 3460 1019 3523 θεούς,
1042 3459 1087 3512 καί
1107 3459 1209 3527 ἑτέρους
1228 3460 1321 3512 ύποσε-

146 3546 240 3614 λήνους
259 3548 416 3615 δαίμονας
435 3547 562 3614 ἀοράτους
577 3547 781 3619 quodammodo
796 3547 889 3604 inesse
904 3547 1021 3604 eandem
1037 3547 1203 3604 doctrinam.
1243 3546 1322 3603 Certe

146 3633 258 3706 quidem
285 3635 393 3707 placita
421 3635 583 3707 philosophi
606 3636 766 3705 cuiusdam,
792 3636 840 3708 qui
863 3653 979 3708 prorsus
1003 3636 1126 3708 pendeat
1149 3654 1166 3693 a
1190 3635 1320 3705 Platone,

63 3781 67 3789 ,
146 3721 174 3778 in
199 3723 239 3781 eis
258 3723 348 3780 libelli
372 3724 514 3797 capitibus
539 3725 572 3781 de
596 3725 699 3797 quibus
719 3726 899 3796 disputamus
920 3725 1039 3782 inveniri
1061 3727 1149 3783 testes
1174 3727 1241 3781 sunt
1264 3742 1320 3782 non

145 3812 230 3883 pauci
253 3812 342 3884 ipsius
366 3813 496 3870 Platonis
520 3813 588 3883 loci,
619 3814 722 3887 quibus
751 3814 802 3870 illa
825 3814 1017 3887 providentiae
1040 3814 1194 3886 tripartitio
1219 3812 1320 3870 confir-

145 3902 247 3959 matur.
294 3901 354 3959 Nec
384 3904 479 3959 tamen
503 3902 563 3959 fieri
586 3903 713 3974 potuisse
737 3903 936 3973 infitiabimur,
966 3903 1066 3960 uthis
1090 3902 1220 3976 genuinis
1243 3902 1319 3959 Aca-

145 3988 313 4047 demicorum
328 3991 486 4064 praeceptis
506 3991 615 4048 alienae
635 3992 793 4064 sapientiae
811 3992 934 4050 frustula
954 3991 1186 4049 immiscerentur.
1224 3991 1319 4050 Veluti

145 4078 234 4137 Zeller
249 4080 305 4152 (Ill
320 4072 397 4152 2²³1).
419 4074 505 4154 180²)
527 4080 690 4150 discrimini,
714 4081 788 4153 quod
812 4081 885 4138 inter
902 4085 1035 4151 πρόνοιαν,
1054 4083 1220 4150 εἱμαρμένην,
1240 4083 1319 4151 φύσιν

143 4166 314 4225 intercedere
343 4185 366 4226 c.
397 4167 416 4228 9
441 4170 592 4239 statuitur,
624 4170 770 4228 Cleanthis
799 4170 956 4227 doctrinam
990 4169 1107 4228 subesse
1140 4169 1259 4227 coniecit
1292 4171 1320 4226 et

145 4255 250 4314 Gercke
274 4258 306 4329 (l.
326 4256 344 4318 l.
368 4275 396 4330 p.
427 4256 503 4331 281)
525 4259 561 4315 ad
590 4259 706 4315 eundem
736 4259 933 4317 subdifficilem
961 4259 1054 4317 locum
1077 4259 1319 4331 interpretandum

143 4345 285 4403 decretum
310 4346 451 4419 quoddam
465 4347 609 4404 Posidonii
633 4349 772 4406 adhibuit.
815 4348 869 4405 Sed
893 4365 1003 4420 semper
1025 4348 1177 4405 tenendum
1200 4350 1319 4405 estnos

144 4434 285 4508 ignorare,
309 4453 377 4492 num
396 4435 467 4493 forte
486 4437 543 4494 iam
561 4436 590 4494 in
614 4437 716 4495 veteris
735 4437 905 4494 Academiae
928 4437 1011 4495 libris
1033 4440 1190 4509 temporum
1213 4437 1319 4494 invidia

1143 4537 1159 4590 3
