3126 5002
646 231 867 294 „37-

166 414 183 480 ἦ
207 411 236 465 δὲ
259 412 411 481 εὐδαιμονία
434 413 562 480 εὐπραξία
585 432 633 472 τις·
658 414 674 480 ἡ
698 413 724 466 δ’
847 410 915 470 ibid.
940 430 968 484 p.
996 411 1083 473 l97b
1100 410 1228 485 lsssqq.:
1257 414 1292 467 Τὸ
1311 415 1336 467 δ’

166 502 294 580 εὐπραξία
317 502 376 569 περί
398 503 479 569 μόνον
501 503 546 554 καί
570 502 664 554 τέλειον
682 503 726 555 ἄν·
781 502 926 569 αὐτόματον
949 503 994 556 καί
1018 513 1070 560 τοῖς
1093 504 1179 562 ἄλλοις
1198 506 1277 571 ζῴοις
1295 503 1340 556 καὶ

166 593 286 659 ὐρωπον.
782 592 885 649 πολλοῖς
905 599 957 643 τῶν
976 591 1091 660 ἀψύχων
1110 593 1164 645 κτλ.

849 678 917 736 ibid.
942 696 970 751 p.
997 677 1087 739 1971>
1120 678 1229 751 lsqq.:
1257 679 1341 748 ἠμὲν

782 768 830 837 γὰρ
850 769 914 836 τύχη
930 769 975 822 καὶ
990 768 1017 820 τὸ
1032 769 1083 822 ἀπὸ
1097 771 1176 838 τύχης
1190 769 1257 822 ε’σιὶν
1271 770 1340 826 ὅσοις

782 857 827 909 καί
855 858 883 909 τὸ
914 857 1054 926 εὐτυχῆσαι
1086 859 1117 911 ἂν
1144 858 1268 925 ὑπάρξειν
1295 857 1340 910 καὶ

782 946 850 1003 ὅλως
866 949 970 1013 πρᾶξις·
991 948 1031 1000 διὸ
1050 946 1095 1000 καί
1113 947 1213 1015 ἀνάγκη
1232 948 1291 1015 περί
1310 947 1340 999 τά

781 1033 885 1102 πρακτὰ
910 1035 975 1088 εἶναι
999 1035 1044 1104 τὴν
1068 1037 1158 1105 τύχην·
1183 1044 1289 1104 σημεῖον
1312 1037 1337 1087 δ’

782 1125 819 1175 ὅτι
839 1127 916 1177 δοκεῖ
933 1125 989 1192 ἤτοι
1008 1125 1099 1178 ταύτὸν
1121 1125 1185 1179 εἶναι
1204 1134 1235 1193 τῇ
1253 1126 1340 1178 εὐδαι-

781 1215 857 1281 μονίᾳ
876 1214 892 1281 ἡ
912 1214 1018 1282 εὐτυχία
1036 1214 1052 1282 ἢ
1068 1214 1150 1283 ἐγγύς,
1169 1216 1185 1283 ἦ
1206 1215 1231 1267 δ’
1252 1215 1339 1268 εὐδαι-

780 1304 857 1368 μονία
875 1305 969 1369 πρᾶξις
989 1320 1036 1361 τις·
1057 1303 1183 1371 εὐπραξία
1201 1304 1258 1372 γάρ.

256 1408 310 1465 His
330 1407 459 1465 frustulis
479 1426 511 1464 ex
533 1407 785 1480 Peripateticorum
809 1408 950 1465 thesauris
974 1409 1146 1482 depromptis
1171 1411 1198 1467 et
1221 1408 1340 1481 conglu-

125 1554 128 1559 .
166 1498 268 1556 tinctis
291 1497 398 1554 inserta
422 1499 466 1554 est
491 1489 647 1570 (pj572b)
670 1498 799 1554 fortunae
815 1498 940 1554 definitio
956 1499 1051 1556 Stoica
1074 1499 1156 1556 haec:
1181 1501 1340 1569 ἀπρονόηιος

167 1590 234 1642 αἰτία
251 1589 298 1642 καί
317 1589 413 1654 ἄδηλος
432 1588 594 1656 ἀνθρωπίνῳ
619 1591 734 1656 λογισμῷ
768 1587 816 1659 (cf.
840 1587 904 1645 net.
929 1589 952 1655 Ι,
978 1586 1029 1657 29,
1056 1587 1073 1649 7
1098 1588 1187 1646 Diels.
1211 1607 1239 1661 p.
1265 1587 1339 1656 326,

167 1694 193 1734 v.
210 1676 299 1733 Zeller
323 1668 575 1747 11112³p.143²³).
613 1676 687 1732 Huic
711 1676 809 1733 additu
833 1679 876 1733 est
900 1676 1034 1746 definitio,
1055 1695 1127 1750 quae
1150 1678 1253 1735 diserte
1272 1678 1340 1734 Pla-

166 1765 269 1823 tonicis
289 1764 475 1822 adscribitur
499 1766 526 1821 et
549 1764 679 1822 Platonis
713 1765 806 1822 verbis
830 1783 862 1822 ex
885 1766 1034 1823 Phaedone
1059 1770 1099 1839 (p.
1125 1765 1197 1842 58³)
1219 1767 1340 1839 sumptis

167 1855 337 1911 illustratur.
383 1854 490 1910 Eadem
514 1854 581 1910 mire
605 1872 666 1911 curn
692 1855 869 1912 antecedenti
892 1855 986 1913 Stoica
1010 1857 1038 1912 et
1061 1855 1243 1914 Aristotelicas
1264 1857 1339 1927 (liet.

167 1945 189 2013 1,
215 1942 266 2012 29,
296 1943 324 2015 l)
350 1943 489 2016 ceugmit.

256 2033 334 2089 Haec
358 2032 452 2089 onmia
485 2032 556 2089 satis
581 2033 747 2090 confirmant
776 2034 904 2106 opusculi
935 2036 1077 2091 auctorem
1110 2034 1340 2107 philosophorum

167 2123 318 2194 praecepta
350 2121 473 2194 undique
507 2121 631 2179 furatum
664 2139 725 2180 esse
759 2125 786 2180 et
819 2123 1012 2195 compendium
1046 2141 1134 2195 paene
1165 2125 1201 2180 ed
1225 2123 1340 2181 verbum

167 2211 330 2268 corrasisse.
374 2211 452 2279 Quae
477 2228 537 2266 cum
562 2211 603 2268 ita
627 2211 698 2280 sint,
724 2212 752 2268 iu
783 2212 934 2284 propatulo
959 2215 1002 2270 est
1025 2214 1153 2270 nostmm
1173 2231 1254 2285 quem
1277 2213 1339 2284 qui-

167 2300 229 2357 dem
252 2300 380 2357 novimus
404 2300 587 2357 Plutarchum
610 2301 686 2358 istud
714 2318 769 2358 uon
799 2301 1012 2374 conscripsisse.
1059 2302 1114 2359 Hic
1137 2302 1339 2371 subsistamus

166 2407 201 2447 ne
225 2390 253 2447 in
277 2389 386 2446 ineerta
409 2390 578 2447 dilabamur.
