3126 5002
735 244 935 305 -6-

332 424 394 480 lam
417 423 593 494 Volkmann,
618 440 680 481 cum
703 423 870 481 Xenocratis
904 422 1101 480 auctoritatem
1133 424 1302 496 permultum
1329 423 1429 481 valere

244 511 319 584 apud
338 511 522 570 Plutarchum
545 512 743 585 perspexisset,
765 513 899 586 opinatus
918 512 999 570 0011.
1018 513 1038 570 1.
1060 514 1088 569 11
1107 531 1135 585 p.
1153 510 1193 572 15
1218 512 1427 570 Chaeronensis

244 601 278 658 de
301 601 485 659 daemonibus
510 601 667 659 doctrinam
691 619 753 658 cum
776 603 952 659 Xenocratea
983 601 1138 659 cohaerere.
1187 602 1240 659 Sed
1269 618 1319 659 suo
1347 618 1427 659 more

244 690 273 747 in
297 691 371 748 hanc
394 708 451 748 rem
476 691 636 748 accuratius
660 708 717 748 non
740 691 896 763 inquisivit.

333 779 486 837 Manifesta
516 780 594 838 illius
618 780 781 837 Academici
809 781 930 853 vestigia
954 781 987 836 (10
1011 780 1066 837 def.
1092 796 1131 837 or.
1156 797 1218 852 cap.
1247 778 1284 838 12
1309 779 1427 837 ineunte

246 869 499 942 deprehenduntur.
547 869 654 926 ibidem
687 870 852 927 daemonum
880 871 999 926 naturae
1028 869 1223 941 explanandae
1250 868 1427 926 Xenocrates
1482 898 1485 902 ·

245 975 359 1031 operam
387 975 510 1016 navasse
538 958 653 1015 dicitur:
683 975 745 1015 eum
774 974 954 1032 comparasse
983 976 1045 1015 cum
1069 958 1183 1029 deorum
1205 959 1309 1015 natura
1331 957 1426 1015 trian-

245 1046 342 1121 gulum
366 1047 585 1119 aequilaterum,
611 1064 673 1104 curu
697 1048 811 1105 mortali
833 1066 934 1121 genere
957 1047 1134 1120 triangulum
1157 1046 1355 1120 inaequalibus
1379 1047 1426 1104 la-

243 1136 353 1194 teribus
364 1139 554 1211 exstructum,
579 1136 698 1209 denique
719 1153 782 1193 cum
801 1137 967 1194 daemonum
988 1140 1092 1194 natura
1107 1136 1136 1192 id
1150 1136 1325 1209 triangulum
1349 1137 1427 1208 quod

244 1226 298 1283 duo
326 1225 418 1282 latera
448 1226 578 1298 aequalia
613 1243 700 1298 eaque
728 1228 812 1285 tertio
840 1226 1003 1300 inaequalia
1031 1226 1145 1283 hebeat.
1192 1225 1298 1282 Eodem
1330 1225 1427 1297 capite

244 1316 291 1373 1110
312 1314 432 1374 convivii
451 1314 540 1384 locus,
560 1315 587 1371 in
609 1332 663 1387 quo
684 1316 774 1374 totius
789 1316 1019 1389 daemonelogiae
1038 1318 1168 1373 versatur
1183 1315 1276 1384 cardo,
1297 1314 1425 1372 affertur.

244 1405 329 1462 Haud
349 1421 415 1478 ergo
436 1405 535 1477 opinor
550 1423 686 1475 erravero,
710 1407 734 1473 si
754 1406 914 1464 aPlatonis
929 1405 1162 1463 Academicorum
1180 1403 1316 1477 principis
1335 1403 1425 1461 vesti-

244 1494 299 1567 giis
323 1493 531 1567 investigandis
556 1495 758 1566 disputationis
782 1496 892 1554 initium
916 1512 1024 1568 cepero.

333 1584 401 1656 Cap.
435 1581 473 1642 lO
506 1583 656 1641 daemones
689 1603 722 1642 ex
749 1585 909 1643 hominibus
939 1585 1005 1642 oriri
1033 1585 1178 1643 statuitur.
1225 1587 1287 1643 Hoc
1319 1586 1426 1659 optime

244 1672 369 1730 concinit
387 1689 449 1730 curn
468 1672 591 1730 Phaedri
609 1673 716 1747 dialogi
737 1674 830 1731 verbis
854 1692 881 1747 p.
902 1673 993 1744 246⁰,
1019 1675 1122 1746 quibus
1146 1675 1257 1732 animae
1280 1675 1426 1734 hominum

247 1762 345 1834 quales
369 1764 435 1819 ante
458 1761 626 1820 descensum
649 1763 707 1820 sint
736 1766 852 1836 etpost
875 1781 1017 1821 recessum
1040 1764 1190 1821 daemones
1213 1768 1424 1837 nuncupantur.

245 1851 411 1908 Animarum
443 1868 507 1908 vero
541 1851 687 1926 migratio,
720 1871 791 1926 quae
824 1853 928 1910 ibidem
961 1853 1037 1926 apud
1070 1853 1253 1910 Plutarchum
1284 1854 1425 1927 tangitur,

246 1943 421 2014 quantopere
440 1940 555 1998 Platoni
573 1942 720 2014 placuerit,
745 1943 877 2015 permulti
899 1942 953 1999 loci
978 1942 1092 2000 decent:
1117 1942 1222 2000 Phaed.
1244 1941 1312 2013 810,
1337 1944 1425 2003 Polit.

247 2025 631 2103 271101010024801,
656 2032 738 2088 dere
761 2032 840 2104 publ.
860 2032 885 2088 X
905 2034 985 2101 extr,
1007 2031 1076 2089 Tim.
1098 2027 1185 2101 42b0,
1211 2027 1296 2091 91³⁰.
1334 2033 1425 2090 hvide

245 2119 297 2177 hoc
321 2118 424 2193 dogma
449 2119 628 2191 arripuerunt
650 2120 779 2178 Platonis
803 2121 948 2193 discipuli,
974 2121 1007 2178 de
1032 2138 1149 2193 quorum
1173 2121 1302 2179 doctrina
1326 2121 1440 2180 Chalc.

244 2225 343 2266 comm.
367 2209 397 2265 in
422 2208 493 2267 Tim.
521 2206 582 2268 135
609 2209 711 2282 (Muli.)
736 2209 874 2267 conferas.

333 2297 422 2355 Paulo
450 2297 543 2356 fusius
571 2298 605 2355 de
627 2299 776 2357 Hesiodeis
806 2300 882 2372 apud
905 2299 1089 2357 Plutarchum
1117 2319 1150 2357 ex
1173 2300 1292 2358 Platone
1323 2300 1423 2359 ascitis

243 2387 352 2461 loquar.
399 2386 450 2444 Ait
478 2387 671 2446 Cleombrotus
700 2389 796 2446 eodem
825 2391 918 2462 capite
945 2389 1102 2447 Hesiodum
1133 2389 1253 2462 primum
1286 2391 1362 2448 claro
1396 2393 1424 2448 01

244 2476 377 2535 distincto
397 2494 524 2534 sermone
543 2476 732 2536 introduxisse
755 2481 889 2551 quattuor
907 2496 1011 2552 genera
1031 2496 1125 2537 eorum
1145 2480 1192 2552 qui
1211 2479 1331 2537 rationis
1346 2496 1423 2537 com-

243 2568 324 2640 potes
358 2569 466 2625 essent:
501 2567 629 2638 deorum,
660 2569 841 2639 daemonum,
869 2569 998 2638 heroum,
1026 2568 1169 2625 hominum
1193 2586 1292 2642 genus.
1339 2569 1424 2626 Hanc

244 2656 526 2728 quadripartitionem
546 2673 601 2714 non
619 2657 655 2714 ad
669 2652 832 2730 praeclaras
846 2658 965 2715 Hesiodi
980 2658 1102 2730 quinquo
1117 2660 1226 2716 aetates
1241 2657 1379 2731 pertinere
1387 2653 1422 2731 ¹),

244 2746 293 2803 sed
312 2745 464 2803 artificiose
484 2747 660 2804 enucleatam
680 2764 741 2804 esse
761 2766 794 2804 ex
816 2747 945 2805 versibus
970 2763 1014 2819 op.
1040 2749 1067 2804 et
1090 2747 1128 2805 di.
1154 2747 1229 2817 llo,
1253 2746 1325 2816 122,
1348 2746 1422 2817 172,

247 2833 318 2905 176,
338 2835 367 2892 ill
387 2835 490 2908 quibus
506 2836 637 2909 deinceps
651 2839 785 2900 ἀθάνατοι,
800 2841 929 2906 δαίμονες,
944 2841 1039 2907 ἥρωες,
1058 2839 1086 2892 τὸ
1100 2847 1146 2891 νῦν
1160 2839 1231 2907 γένος
1255 2854 1422 2894 601111111ωο-

244 2926 351 2993 rantur,
372 2924 455 2981 facile
474 2924 658 2998 intellegitur.
696 2926 759 2982 Hac
781 2926 814 2982 de
838 2944 866 2983 re
891 2927 1015 2984 dubitari
1038 2944 1094 2985 non
1118 2927 1216 2984 sinunt
1238 2926 1329 2999 ipsius
1353 2927 1422 2984 Plu·

242 3013 335 3070 tarchi
366 3014 452 3070 verba
485 3014 561 3086 apud
584 3014 739 3071 Eusebium
770 3032 867 3088 praep.
893 3033 934 3074 ev.
960 3017 999 3086 V,
1024 3014 1058 3085 4,
1095 3015 1107 3075 1
1138 3016 1265 3088 pleniora
1294 3018 1421 3074 seruata:

241 3103 366 3161 Ἡσίοδος
385 3104 414 3156 δὲ
432 3107 562 3172 καθαρῶς
581 3106 626 3158 καὶ
645 3106 826 3174 διωρισμένως
844 3114 949 3175 πρῶτος
968 3108 1081 3175 ἐξέθηκε
1104 3115 1157 3160 τῶν
1179 3109 1293 3175 λογικῶν
1312 3107 1423 3176 τέσσαρα

243 3192 315 3260 γένη·
340 3193 432 3256 θεούς,
455 3193 508 3247 εἶτα
528 3197 665 3261 δαίμονας,
684 3194 737 3248 εἶτα
761 3198 865 3264 ἥρωας,
884 3196 912 3249 τὸ
931 3197 957 3250 d'
981 3197 1022 3249 ἐπὶ
1040 3204 1118 3250 πᾶσιν
1136 3197 1308 3265 ἀνθρώπους,
1326 3197 1361 3259 ἐξ
1379 3195 1423 3250 ὧν

242 3282 331 3334 ἔοικε
348 3291 454 3336 ποιεῖν
479 3283 534 3351 τὴν
555 3284 738 3354 μεταβολὴν
756 3293 809 3338 τοῦ
834 3285 892 3353 μὲν
914 3294 1036 3354 χρυσοῦ
1061 3286 1173 3354 γένους
1195 3287 1240 3344 εἰς
1266 3288 1422 3352 δαίμονας

243 3370 380 3431 πολλοὺς
408 3365 620 3445 κᾷγαθοὺςθ),
646 3381 699 3426 τῶν
722 3375 749 3428 d'
774 3375 896 3444 ἡμιθέων
918 3376 955 3434 εἶς
978 3377 1069 3443 ἥρωας
1093 3375 1300 3443 ἀποκριθέντων.
1346 3372 1422 3429 Hinc'

243 3578 462 3704 000111πο00οἓ10
477 3581 713 3650 daemonologiam
726 3581 808 3636 alteri
821 3582 881 3649 περὶ
900 3583 973 3634 θεῶν
987 3580 1055 3636 libro
1070 3582 1162 3636 Laert.
1178 3580 1259 3650 Diog.
1274 3536 1321 3667 nb
1339 3579 1363 3648 2,
1385 3579 1419 3633 13

242 3665 301 3703 ruse
330 3666 375 3703 am
424 3667 485 3705 isse.

334 3729 354 3800 1)
374 3730 526 3801 Goettling,
547 3749 626 3800 quem
640 3739 750 3788 secutus
770 3741 813 3788 001
826 3735 918 3801 Flaeh,
939 3735 974 3788 ad
993 3751 1035 3802 op.
1056 3739 1084 3787 01
1103 3733 1138 3786 di.
1156 3749 1181 3786 v.
1200 3733 1250 3784 122
1269 3731 1338 3785 falso
1358 3747 1421 3785 eon-

243 3800 334 3855 tendit
353 3818 370 3855 a
388 3803 534 3858 Plutarcho
554 3821 676 3873 aureum,
702 3811 875 3874 argenteum,
900 3822 1014 3860 aeneum
1040 3821 1142 3874 genera
1169 3802 1259 3857 verbis
1287 3803 1421 3870 δαιμόνων

242 3873 348 3925 πολλῶν
365 3873 494 3942 κάγαθῶν
514 3877 712 3944 comprehendi.

333 3952 354 4023 ²)
373 3954 461 4009 Valde
474 3956 557 4010 miror
571 3957 643 4024 quod
657 3974 748 4012 omues
767 3957 912 4013 moralium
931 3959 1047 4014 editores
1066 3958 1209 4014 Plutarchi
1227 3961 1301 4014 haud
1320 3958 1421 4028 exigua

243 4024 363 4078 frustula
377 4026 411 4079 ab
426 4027 543 4082 Eusebio
559 4034 668 4082 servata
686 4029 726 4082 110
740 4030 929 4098 neglexerunt,
949 4037 1029 4086 utne
1048 4032 1089 4086 his
1104 4031 1213 4098 quidem
1232 4033 1321 4086 verbis
1340 4033 1420 4100 plane

243 4096 403 4150 necessariis
432 4104 591 4152 contextum
618 4100 761 4168 explerint.
799 4103 987 4169 Wyttenbaeh
1015 4103 1098 4157 nimia
1125 4120 1179 4170 qua
1205 4109 1265 4157 erat
1287 4102 1420 4172 religione

243 4167 326 4221 verba
344 4168 466 4235 pleniora
485 4171 572 4224 solum
591 4172 640 4225 sub
661 4178 792 4226 contextu
810 4173 909 4240 posuit,
930 4174 1030 4228 Reiske
1049 4176 1232 4229 Eusebianum
1251 4177 1421 4243 supplemen-

243 4242 303 4291 tum
326 4240 439 4309 sprexit,
465 4242 538 4309 apud
556 4243 730 4298 Duebnerum
753 4246 853 4298 lacuna
871 4245 938 4299 hiat.
976 4247 1034 4300 Hoc
1063 4264 1124 4300 curn
1142 4252 1297 4301 nostrorum
1316 4247 1421 4301 dierum

243 4310 304 4364 luce
318 4327 427 4378 prorsus
442 4313 479 4366 sit
492 4312 643 4382 indignum,
664 4315 693 4369 in
708 4316 765 4369 dies
780 4317 967 4371 vehementius
987 4323 1069 4384 atque
1089 4318 1229 4372 ardentius
1249 4320 1421 4374 desideratur

244 4397 314 4463 nove
328 4383 470 4508 moratlium
489 4385 573 4439 editio
592 4402 662 4453 quae
676 4404 692 4440 a
706 4388 916 4442 Bernardakisio
931 4389 1075 4458 recognita
1094 4389 1186 4444 fausto
1206 4391 1293 4444 omine
1312 4389 1420 4460 prodire

243 4468 298 4508 ram
316 4469 413 4522 coepi.
