3126 5002
675 263 898 367 ..gy-

200 447 271 503 duas
295 444 473 503 substantias
497 442 607 501 sumina
630 443 806 515 providentia
830 443 919 512 cadit3
945 445 1019 516 quod
1043 444 1165 503 Cercheo
1188 448 1261 503 teste
1287 445 1317 517 (l.
1338 445 1371 517 l.)

198 535 467 607 Neoplatonicorum
495 535 538 590 est
565 534 677 606 dogma.
724 534 824 605 Itaque
852 533 909 589 alia
937 533 983 589 via
1010 534 1154 606 progressi
1182 534 1268 603 idem,
1298 535 1373 607 quod

200 625 323 682 Gerckeo
360 610 469 696 quoque
499 623 621 696 placuit,
651 621 904 679 demonstravimus
933 621 1040 679 Timaei
1063 623 1294 681 commentarium
1316 640 1372 681 nou

198 713 287 771 fuisse
319 712 409 770 nostri
441 711 530 768 libelli
562 711 667 768 fontem
701 727 734 767 ac
766 713 863 768 nostro
886 711 977 768 Marte
1006 711 1200 769 contendimus
1232 713 1370 785 puriorem

199 802 325 875 primarii
352 801 439 859 fontis
472 801 628 858 doctrinam
663 802 805 857 servatam
838 817 899 857 esse
928 818 945 856 a
973 800 1244 873 Pseudoplntarcho.
1292 802 1373 870 Quod

192 886 285 964 *quam
307 908 370 948 vere
394 890 432 948 sit
456 891 570 958 dictum,
595 889 669 946 infra
693 888 834 946 docebunt
856 889 910 946 loci
925 889 1138 947 Aristotelicum
1161 890 1282 948 colorem
1305 908 1372 963 prae

199 999 229 1039 se
252 981 383 1048 ferentes,
408 996 479 1052 quos
504 978 608 1036 Cerche
632 978 748 1034 nimium
771 977 904 1051 neglexit.

288 1079 368 1147 Quod
392 1077 510 1149 denique
533 1076 570 1133 ad
593 1075 755 1133 Nemesium
778 1075 890 1145 attinet,
914 1076 986 1133 satis
1010 1076 1129 1134 dilucido
1153 1079 1285 1150 apparet,
1311 1095 1373 1134 eum

198 1186 287 1240 neque
320 1185 337 1223 a
373 1165 634 1238 Pseudoplutarcho
664 1165 843 1222 Chalcidiove
871 1165 1041 1238 exscriptum
1074 1183 1136 1223 esse
1168 1183 1258 1238 neque
1286 1167 1372 1224 alter-

197 1257 288 1315 utrius
311 1256 416 1313 librum
444 1255 480 1312 ob
508 1255 604 1312 oculos
628 1254 771 1312 habuisse.
818 1253 896 1311 Nihil
920 1254 1007 1327 igitur
1029 1255 1133 1324 habeo,
1159 1256 1233 1328 qnod
1258 1255 1373 1314 Gerchei

199 1345 386 1418 disputationi
410 1345 522 1401 addam.

286 1443 434 1500 Diilicilior
451 1443 501 1503 ,est
525 1441 669 1514 quaestio,
693 1441 766 1498 unde
789 1441 874 1498 trium
898 1441 1033 1498 librorum
1056 1441 1187 1499 fluxerint
1210 1445 1371 1516 praecepta.

197 1532 266 1589 Mihi
298 1532 409 1605 quidem
443 1531 548 1588 Cercke
580 1546 637 1587 non
665 1530 808 1602 persuasit
843 1530 913 1586 haec
946 1530 1039 1587 omnia
1067 1548 1100 1587 ex
1131 1548 1187 1589 uno
1221 1533 1371 1605 eodemque

198 1621 351 1694 exemplari
369 1620 526 1688 Platonico,
552 1620 626 1692 quod
650 1620 773 1677 secundo
796 1638 824 1691 p.
849 1619 912 1677 Chr.
937 1637 964 1677 n.
990 1621 1102 1677 saeculo
1127 1620 1263 1693 scriptum
1287 1625 1370 1692 esset,

197 1728 260 1768 esse
288 1712 412 1783 sumpta.
459 1709 585 1766 Concedo
613 1707 744 1765 Nemesio
778 1710 806 1764 et
834 1708 976 1765 Chalcidio
1005 1709 1098 1767 fontes
1130 1712 1244 1781 praesto
1272 1710 1370 1780 trisse,

198 1800 226 1856 in
252 1799 354 1872 quibus
387 1799 443 1855 iam
466 1797 615 1856 Platonica
639 1815 700 1854 curn
725 1798 827 1854 Stoicis
851 1798 941 1854 artius
969 1793 1188 1871 coaluissent¹);
1222 1800 1271 1857 sed
1304 1800 1371 1856 mihi

198 1888 311 1961 pronior
324 1889 369 1945 est
383 1887 477 1961 opinio
501 1905 518 1944 a
541 1886 803 1959 Pseudoplutarcho
826 1887 995 1945 vetustiores
1019 1887 1156 1959 quosdam
1180 1888 1273 1946 fontes
1288 1907 1370 1946 usur-

198 1979 281 2050 patos
310 1995 385 2046 esso,
414 1977 488 2035 unde
516 1976 641 2033 Nemesii
669 1977 697 2031 et
726 1975 861 2032 Chalcidii
889 1976 1031 2045 doctrina,
1060 1994 1133 2048 quae
1160 1977 1292 2034 maiorem
1321 1996 1371 2035 nec

197 2065 268 2123 forte
300 2065 413 2123 fortuna
446 2067 544 2122 natam
577 2064 789 2122 similitudinem
821 2082 883 2122 curn
912 2065 989 2122 illius
1017 2065 1110 2123 verbis
1138 2083 1206 2138 prae
1235 2085 1264 2123 se
1288 2066 1369 2137 11111,

197 2172 247 2227 per
266 2155 447 2213 secundarios
466 2154 559 2212 fontes
583 2154 748 2212 manaverit.
786 2153 861 2210 Nam
885 2154 912 2210 in
936 2154 1026 2211 libelli
1049 2154 1175 2212 fontibus
1199 2155 1370 2228 indagandis

197 2244 324 2316 equidem
353 2261 370 2300 a
394 2243 526 2311 (11111111,
561 2243 608 2316 qui
641 2243 770 2316 quamvis
795 2247 876 2301 caute
899 2243 1081 2314 processerit,
1110 2245 1204 2301 tamen
1234 2245 1370 2317 imprimis

196 2333 225 2390 in
253 2333 344 2406 priore
373 2334 406 2390 de
431 2332 586 2406 Chrysippo
616 2332 849 2389 commentatione
879 2333 981 2390 Stoicis
1009 2333 1125 2389 nimium
1153 2334 1275 2390 tribuere
1303 2335 1370 2391 mihi

196 2422 314 2492 videtur,
340 2423 380 2480 ita
404 2421 549 2491 dissentio,
574 2421 656 2478 utin
681 2420 750 2478 solis
775 2438 857 2494 capp.
882 2419 968 2481 4-5
993 2422 1085 2495 magis
1109 2423 1242 2479 continua
1262 2423 1370 2480 Stoico-

196 2528 256 2569 rum
280 2511 401 2584 vestigia
425 2527 579 2583 agnoscam
608 2512 692 2583 atque
720 2510 810 2566 libelli
838 2511 994 2567 doctrinam
1018 2511 1165 2568 extribus
1190 2512 1248 2568 sive
1272 2512 1370 2570 Plato-

195 2600 321 2657 nicorum
353 2600 411 2657 sive
444 2599 601 2657 Stoicorum
633 2599 691 2656 sive
715 2599 964 2671 Peripateticorum
998 2600 1205 2658 commentariis
1237 2600 1369 2658 haustam

196 2706 258 2746 esse
282 2689 411 2747 arbitrer.

284 2778 382 2835 Priora
409 2778 466 2834 tria
494 2777 603 2849 capita,
633 2794 705 2850 qnae
733 2776 944 2834 definitionibus
972 2795 1005 2834 111
1028 2778 1147 2835 Platone
1176 2778 1297 2850 sumptis
1326 2797 1369 2835 re-

194 2866 265 2924 ferta
292 2870 368 2935 sunt,
393 2866 542 2939 quominus
566 2884 599 2923 11
621 2866 825 2923 Academica
848 2866 941 2924 radice
965 2866 1086 2924 crevisse
1110 2884 1284 2936 censeamus
1309 2885 1369 2926 meo

195 2956 306 3027 quidem
330 2955 431 3013 iudicio
447 2955 487 3012 nil
503 2955 608 3013 obstat.
647 2955 773 3013 Concedo
789 2954 896 3014 scilicet
915 2956 1037 3013 Gerckeo
1062 2956 1220 3014 simillimas
1244 2957 1297 3014 fati
1321 2958 1369 3014 de-

195 3044 349 3114 finitiones,
379 3047 463 3117 atque
492 3044 571 3102 initio
601 3045 693 3116 operis
716 3044 909 3116 proferuntur,
938 3062 955 3101 a
980 3045 1135 3118 Chrysippo
1159 3063 1269 3118 quoque
1292 3046 1367 3119 frgg.

196 3130 247 3202 33,
272 3131 413 3193 41-49
442 3133 586 3190 adhibitas
615 3151 685 3191 esse.
733 3134 787 3190 Sed
815 3150 878 3190 cum
906 3135 934 3191 11
963 3134 1020 3191 11111
1045 3135 1187 3207 capitibus
1211 3152 1245 3191 11
1268 3136 1368 3192 umbra

195 3222 305 3294 quidem
329 3222 439 3280 Stoicae
472 3223 653 3279 terminomm
686 3240 713 3294 q.
739 3222 765 3280 d.
790 3223 909 3280 rationis
942 3225 1093 3295 appareat,
1128 3241 1176 3281 cnr
1209 3225 1320 3282 easdem
1352 3243 1368 3281 1

193 3311 349 3369 Platonicis
377 3311 584 3380 abiudicemus,
612 3311 692 3368 nulla
721 3314 765 3369 est
793 3328 889 3369 causa.
936 3311 1036 3369 Nonne
1069 3314 1167 3369 contra
1196 3312 1368 3370 simillimum

194 3403 237 3458 est
268 3400 326 3457 veri
358 3400 416 3456 1111
439 3401 568 3458 Platonis
602 3400 756 3473 discipulos
789 3401 822 3457 de
850 3400 910 3457 fato
933 3400 1104 3458 disserentes
1128 3402 1258 3474 magistri
1282 3402 1368 3459 verba

193 3489 230 3546 ad
253 3506 335 3546 suam
358 3505 415 3546 rem
444 3489 683 3562 comprobandam
706 3489 839 3547 attulisse
867 3491 895 3546 et
923 3490 1123 3562 interpretatos
1147 3494 1229 3547 esse?
1275 3490 1367 3559 Quid?

192 3646 406 3662 ——A—

282 3748 302 3817 ¹)
321 3749 448 3816 Inspersa
472 3756 536 3802 sunt
559 3749 584 3821 ei
607 3749 759 3803 narrationi
778 3749 923 3817 Chalcidii,
948 3766 1017 3816 quae
1041 3750 1187 3817 respondet
1205 3749 1259 3804 illis
1278 3751 1366 3805 tribus

193 3818 226 3870 de
249 3818 299 3873 fat.
323 3820 385 3873 libri
409 3820 556 3888 capitibus,
581 3820 683 3874 indicia
701 3820 809 3874 Stoicae
834 3821 983 3874 doctrinae.
1021 3821 1107 3874 Sicuti
1131 3839 1153 3875 c.
1175 3822 1225 3875 142
1249 3830 1366 3876 exeunte

193 3888 335 3958 Chrysippi
354 3891 387 3945 de
406 3891 465 3944 fato
485 3891 611 3947 doctrina
629 3892 766 3960 laudatur,
782 3892 922 3946 Cleanthis
941 3893 1116 3959 improbatur.
1150 3893 1292 3946 Accedunt
1311 3894 1367 3947 alia

193 3958 221 4012 in
248 3961 377 4027 proximis
406 3963 549 4030 capitibus.
587 3963 707 4016 Stoicam
734 3963 850 4017 fortasse
874 3972 992 4017 11111111
1015 3963 1121 4030 spirant
1145 3963 1238 4031 verba,
1268 3964 1366 4030 quibus

193 4047 215 4084 c.
237 4033 287 4085 152
306 4049 339 4086 ex
357 4034 480 4087 Platonis
499 4035 622 4088 Phaedro
646 4052 672 4101 p.
692 4035 760 4087 248ο
781 4034 963 4088 concluditur:
984 4033 1103 4088 Socratis
1132 4035 1250 4088 animam
1277 4051 1366 4103 perse-

192 4117 286 4157 verare
306 4105 341 4157 ad
359 4104 473 4159 alterius
493 4105 624 4159 circuitus
643 4112 750 4173 tempus
769 4106 938 4159 incolumem.
972 4107 1023 4175 (Cf.
1038 4105 1126 4159 Zeller
1139 4107 1181 4158 ΙΙΙ
1197 4106 1229 4158 13
1246 4124 1272 4175 p.
1292 4108 1364 4175 202).

193 4173 263 4238 Quin
282 4175 366 4229 etiam
381 4176 530 4244 Chrysippi,
551 4177 578 4229 ni
597 4177 685 4244 fallor,
706 4177 823 4245 argutiis
843 4177 967 4230 admissis
986 4177 1046 4229 dira
1064 4176 1116 4230 fati
1135 4177 1285 4231 necessitas
1305 4194 1365 4231 cum

191 4245 242 4298 Lai
256 4245 334 4300 liberi
349 4246 456 4300 arbitrii
474 4254 613 4314 potestate
629 4247 813 4316 coniungitur.
842 4248 894 4317 (cf.
909 4247 1007 4315 fragm.
1024 4248 1116 4314 Chrys.
1136 4249 1177 4300 94.
1194 4249 1246 4317 95).
1276 4249 1365 4302 Nolim

190 4322 283 4370 tamen
303 4317 420 4384 opineris
440 4325 549 4372 exstare
567 4335 663 4385 puram
682 4318 834 4372 Stoicorum
853 4317 1012 4386 doctrinam.
1034 4319 1251 4385 quandoquidem
1270 4336 1292 4372 o.
1314 4322 1364 4373 152

190 4388 311 4442 Philonis
330 4389 427 4443 Iudaei
445 4406 518 4443 more
537 4390 689 4457 scripturae
708 4406 800 4444 sacrae
819 4397 995 4457 praeceptum
1014 4391 1148 4455 quoddam
1168 4406 1229 4443 curn
1249 4391 1364 4445 Graeco-

189 4473 251 4534 rum
267 4459 489 4527 philosophorum
508 4461 633 4514 doctrina
652 4461 825 4514 commixtum
844 4466 895 4515 est.
