3126 5002
661 249 860 310 „3-

169 432 254 501 visse,
279 431 329 488 sed
348 431 433 488 etiam
452 430 615 487 adhibuisse
639 418 824 488 1666666611.
862 432 896 488 11
919 431 964 488 his
988 431 1058 488 locis
1081 431 1157 488 haud
1181 431 1265 488 dubie
1290 429 1348 489 alia

139 555 141 560 -
169 521 256 579 fontis
284 521 370 577 verba
393 520 527 587 mutavit,
557 520 613 576 alia
642 519 751 588 omisit,
780 520 870 577 multa
894 520 927 577 de
954 537 1005 577 suo
1029 520 1148 578 addidit.
1196 521 1286 590 Quam
1311 522 1346 578 ob

60 592 61 595 Ἴ
102 599 104 604 ’
169 628 227 667 rem
246 628 279 667 61
298 611 357 667 6616
378 609 525 667 verbomm
543 626 597 666 usu
615 609 662 666 vix
680 609 749 666 certi
768 609 918 681 quicquam
937 609 971 666 de
991 610 1050 668 eius
1069 610 1197 668 fontibus
1217 611 1347 668 enuclea-

168 700 271 757 bimus.
1198 752 1200 756 .

257 789 334 845 Idem
367 788 444 845 cadit
475 788 503 844 11
537 788 651 845 tertium
679 787 851 859 compilaudi
878 805 968 861 genus
999 805 1054 861 quo
1077 788 1248 845 Plutarchus
1277 806 1346 846 usus

169 881 221 935 est.
260 877 348 946 Certe,
370 879 435 949 quia
455 877 659 934 Chaeronensis
683 876 822 934 interdum
840 877 869 934 iu
885 878 1086 936 conscribendo
1110 878 1189 950 ipsos
1214 880 1344 936 auctores

169 967 248 1037 adiit,
272 967 338 1024 hinc
362 967 441 1039 origo
472 966 669 1024 continuarum
697 969 725 1024 et
752 966 826 1023 inter
850 984 879 1024 se
903 967 1118 1039 congruentium
1141 967 1345 1025 sententiarum

168 1056 307 1113 trahenda
331 1057 383 1113 est.
421 1056 499 1125 Quas
523 1055 647 1129 digerere
672 1058 700 1114 et
723 1057 760 1113 ad
783 1056 876 1113 fontes
899 1072 1029 1113 revocare
1052 1073 1145 1114 nonne
1169 1057 1223 1114 erit
1246 1073 1346 1129 operae

168 1145 308 1217 pretium?
344 1145 406 1202 Nos
425 1145 545 1217 quidem,
565 1146 669 1218 quibus
683 1145 843 1202 universam
858 1144 1061 1203 sententiarum
1079 1147 1180 1204 molem
1194 1146 1346 1218 digesturis

168 1252 219 1291 nec
247 1235 321 1292 vires
349 1251 401 1291 nec
428 1234 557 1292 doctrina
585 1237 753 1307 suppetunt.
784 1235 820 1291 ad
853 1236 983 1308 exiguam
1009 1236 1085 1292 tanti
1113 1224 1207 1308 op'eris
1237 1237 1346 1308 partem

169 1324 370 1381 exantlaudam
394 1323 576 1397 accingimur.

257 1414 298 1470 De
323 1413 494 1471 divinatione
518 1414 688 1471 Plutarchus
717 1413 885 1486 compluries
914 1414 980 1486 egit.
1029 1414 1149 1486 Scripsit
1176 1414 1346 1486 peculiarem

167 1505 227 1571 περὶ
244 1513 371 1572 μαντικῆς
394 1502 498 1560 librum
521 1520 596 1560 nunc
619 1503 804 1575 deperditum,
830 1504 910 1560 cuius
934 1504 1083 1575 parvulum
1106 1503 1258 1560 frustulum
1281 1504 1345 1560 Sto-

168 1590 256 1647 baeus
281 1592 392 1648 exhibet
415 1592 476 1648 1161.
501 1593 558 1661 LX,
586 1590 636 1651 lb.
683 1593 761 1649 Haec
785 1593 895 1649 iactura
920 1592 1123 1664 quodammodo
1148 1595 1347 1665 compensatur

168 1679 279 1737 duobus
302 1683 370 1750 Περὶ
389 1690 442 1736 τῶν
460 1684 650 1736 ἐκλελοιπότων
667 1686 836 1751 χρηστηρίων
864 1685 891 1739 et
918 1684 987 1751 Περὶ
1011 1692 1055 1737 τοῦ
1082 1683 1118 1751 μὴ
1142 1691 1210 1752 χρᾶν
1233 1685 1345 1751 ἔμμετρα

167 1780 213 1824 νῦν
237 1772 284 1840 τὴν
302 1775 411 1826 Πυθίαν
435 1771 634 1829 voluminibus.
672 1773 705 1829 In
723 1772 857 1844 ampliore
878 1772 952 1843 quod
972 1774 1015 1829 est
1039 1772 1072 1829 de
1096 1773 1272 1829 oraculorum
1296 1773 1344 1828 de·

167 1860 243 1917 fectu
272 1861 408 1918 divinatio
437 1879 454 1917 a
478 1860 654 1918 Cleombroto
678 1864 706 1918 et
729 1861 876 1934 Lampria‚
902 1863 949 1934 qui
972 1863 1001 1919 iu
1025 1863 1077 1920 hoc
1101 1862 1214 1935 dialogo
1238 1863 1345 1934 primas

168 1950 370 2021 disputationis
389 1953 486 2023 partes
506 1953 605 2024 agunt,
630 1952 673 2008 vel
694 1952 729 2007 ad
750 1951 899 2008 daemones
918 1951 1079 2009 hominibus
1103 1951 1148 2008 dei
1172 1952 1345 2009 voluntatem

167 2039 333 2096 nuntiantes
357 2041 400 2097 vel
424 2040 460 2096 ad
484 2042 576 2097 terrae
600 2040 793 2097 exhalationes
817 2058 834 2096 a
858 2040 1042 2098 daemonibus
1066 2041 1241 2114 gubernatas
1265 2056 1345 2097 revo-

167 2131 257 2185 catur.
304 2130 338 2186 Iu
366 2130 455 2187 altero
483 2131 577 2187 autem
604 2129 701 2186 libello
731 2131 843 2186 tantum
867 2129 963 2198 abest,
992 2133 1024 2187 ut
1048 2131 1198 2187 daemones
1223 2128 1345 2187 oraculis

166 2221 387 2289 praeponantur,
412 2221 444 2275 ut-
462 2220 522 2276 toto
542 2218 655 2291 dialogo
679 2237 714 2275 ne
733 2236 789 2275 uuo
813 2219 924 2291 quidem
947 2220 1032 2277 verbo
1056 2219 1098 2276 illi
1121 2219 1197 2293 genii
1219 2221 1345 2292 tangan-

166 2309 225 2363 tur:
251 2308 320 2364 deus
343 2308 497 2380 Delphicus
523 2308 585 2380 ipse
614 2308 735 2380 inspirat
764 2326 845 2366 suam
868 2309 1009 2382 Pythiam.
1057 2309 1120 2365 Hac
1143 2308 1272 2381 opinione
1297 2325 1344 2365 ac·

167 2398 249 2467 cepta
272 2414 364 2453 nonne
389 2397 479 2454 omnis
503 2397 718 2470 daemonologia
747 2397 782 2456 ad
810 2398 919 2455 irritum
943 2399 1057 2455 redacta
1081 2400 1143 2455 est?
1179 2397 1254 2454 Nam
1278 2397 1344 2454 dae-

167 2502 263 2542 mones
282 2489 419 2559 tanquam
439 2487 562 2544 ministri
581 2487 695 2543 deorum
719 2486 945 2555 introducuntur,
970 2489 1002 2544 ut
1025 2487 1084 2544 deis
1109 2490 1188 2544 extra
1211 2487 1345 2544 mundum

166 2575 268 2645 positis
296 2575 405 2632 nullum
438 2592 501 2632 curn
530 2576 704 2648 turpitudine
733 2576 875 2633 homiuum
905 2576 1098 2633 commercium
1122 2576 1169 2633 sit.
1217 2576 1344 2645 Quanto-

166 2681 231 2735 pere
256 2664 292 2720 ab
316 2664 369 2720 hac
394 2665 524 2736 opinione
549 2666 640 2722 altera
664 2666 792 2734 aberrat,
817 2683 873 2738 qua
897 2666 964 2722 11666
988 2666 1066 2738 ipsos
1090 2683 1139 2738 per
1162 2667 1259 2722 vatum
1283 2681 1344 2722 cor·

166 2769 236 2824 pora
265 2770 327 2809 cum
355 2754 517 2812 hominibus
546 2755 669 2827 colloqui
696 2756 827 2826 putatur!
876 2755 982 2811 Idcirco
1007 2755 1088 2812 valde
1112 2755 1266 2811 cavendum
1290 2757 1342 2823 est,

166 2859 200 2897 ue
225 2842 352 2900 diversas
375 2843 522 2917 utriusque
545 2844 612 2901 libri
636 2845 793 2901 sententias
817 2844 1032 2902 confundamus

651 3247 792 3367 Caput
823 3247 853 3345 l.

273 3431 319 3488 De
343 3431 566 3489 daemonibus
591 3432 725 3489 deorum
749 3431 945 3490 voluntatis
969 3423 1231 3504 interpretibus.

254 3592 404 3650 Commune
435 3574 576 3664 quoddam
603 3592 746 3650 variarum
774 3595 802 3650 et
830 3593 902 3651 11161
930 3610 960 3650 66
989 3593 1210 3665 discrepantium
1238 3594 1341 3651 doctri·

164 3697 264 3738 uarum
287 3683 494 3754 receptaculum
523 3685 567 3740 est
594 3682 642 3739 ille
666 3683 700 3739 de
724 3682 778 3739 def.
804 3699 843 3740 or.
868 3682 1000 3754 dialogus
1008 3677 1042 3754 ¹).
1090 3683 1175 3739 Cuius
1199 3684 1227 3740 iu
1251 3684 1342 3755 priore

164 3772 245 3841 parte
268 3771 435 3829 daemonum
458 3772 646 3844 patrocinium
674 3771 800 3844 suscepit
824 3771 1027 3829 Cleombrotus
1065 3772 1169 3828 Paucis
1193 3772 1252 3829 eius
1277 3790 1342 3829 sen-

165 3859 284 3916 tentiam
299 3860 541 3931 adumbrabimus‚
565 3863 597 3918 ut
612 3860 736 3918 eiusdem
757 3861 901 3919 doctrinae
920 3861 1016 3918 unitas
1040 3861 1129 3933 primo
1154 3861 1255 3918 obtutu
1278 3879 1341 3935 per·

164 3950 308 4006 noscatur.

254 4037 321 4109 Cap.
350 4036 388 4097 10
412 4041 500 4111 negat
526 4039 573 4096 hic
600 4039 643 4096 vir
670 4041 720 4096 aut
748 4055 844 4096 omues
869 4041 896 4096 et
919 4038 1127 4096 minutissimas
1150 4056 1195 4097 res
1219 4040 1340 4097 admini-

164 4125 249 4182 strari
282 4126 395 4184 deorum
426 4128 540 4185 numine
573 4130 623 4185 aut
655 4129 722 4185 deos
756 4129 867 4186 6111116
900 4145 956 4185 1161
985 4145 1082 4186 curare
1113 4145 1158 4185 res
1191 4129 1339 4187 humanas.

163 4216 251 4271 lmmo
271 4215 344 4272 iuter
363 4216 483 4274 caeleste
503 4219 531 4274 et
548 4219 689 4275 terrenum
708 4234 811 4289 genera
835 4217 1005 4274 intercedere
1029 4216 1150 4274 medium
1174 4218 1339 4276 daemonum

254 4387 272 4456 ¹)
291 4387 449 4454 Nuperrime
468 4387 605 4442 vilissimis
624 4389 657 4442 de
677 4387 766 4442 causis
791 4405 858 4454 quas
877 4389 979 4442 reicere
998 4390 1159 4458 supersedeo
1175 4389 1339 4444 Chevenitre

163 4458 207 4527 (de
225 4459 299 4513 Plut.
319 4459 404 4513 famil.
424 4459 511 4512 Paris.
533 4460 611 4529 1886)
630 4461 703 4514 hunc
721 4459 821 4512 librum
840 4477 856 4513 a
874 4461 1023 4514 Plutarcho
1042 4461 1218 4515 abiudicavit.

1144 4549 1179 4602 l*
