3126 5002
670 253 891 314 ,10-

191 434 219 486 τὸ
238 441 290 487 τῶν
305 434 448 502 τριγώνων,
467 436 533 500 θείῳ
547 433 594 500 μέν
609 433 750 491 ἀπεικάσας
806 432 912 498 δυνάμει
923 432 968 500 τὴν
983 433 1062 500 φύσιν
1072 434 1266 501 ὑπερφέροντας
1281 433 1372 500 ἡμῶν,

191 523 219 575 τὸ
234 524 395 589 ἰσόπλευρον,
415 525 504 590 θνητῷ
519 522 548 575 δὲ
567 523 594 573 τό
613 522 751 590 σκαληνόν,
806 521 833 572 τό
852 520 881 571 δέ
900 522 972 573 θεῖον
995 521 1045 573 ούκ
1064 521 1153 589 ἀμιγές
1172 522 1230 574 οὐδ’
1252 522 1373 588 ἄκρατον

191 611 218 663 τὸ
237 613 263 664 δ’
286 610 416 669 ἰσοσκελὲς
431 613 569 678 δαιμονίῳ·
590 611 618 661 τό
636 610 683 677 μέν
702 610 750 678 γὰρ
805 611 923 677 ἔχοντας,
951 609 1014 661 ἀλλὰ
1042 610 1088 662 καὶ
1107 618 1197 677 ψυχῆς
1220 610 1299 676 φύσει
1324 611 1371 662 καὶ

191 703 246 753 ἴσον
268 700 362 767 πάντη·
388 700 416 751 τὸ
440 700 465 751 δ’
491 701 579 751 ἀνισον
604 700 697 766 πάντη·
723 699 751 750 τό
777 708 779 793 η
806 698 926 764 σώματος
945 698 1065 765 αἰσθήσει
1085 697 1248 766 συνειληχός,
1270 698 1372 765 ἡδονὴν

191 788 219 841 δέ
236 797 274 857 πῆ
292 788 340 855 μέν
359 790 423 851 ἴσον,
440 797 477 856 πῆ
496 788 522 840 δ’
543 789 643 850 ἄνισον,
663 789 751 854 ὥσπερ
777 800 779 839 l
806 787 932 855 δεχομένῃ
952 787 997 838 καί
1015 788 1108 850 πόνον,
1127 787 1172 840 καὶ
1198 787 1246 839 όσα
1265 787 1372 845 ταύταις

191 877 207 945 ἡ
228 878 360 942 δαιμόνων
384 878 463 944 φύσις
486 879 581 946 ἔχουσα
603 878 647 929 καί
665 877 751 933 πάθος
777 870 779 951 ξ
806 875 959 943 ἐγγενόμενα
974 884 1027 933 ταῖς
1041 876 1195 944 μεταβολαῖς
1208 875 1292 943 πάθη,
1310 875 1372 934 τοὺς

191 967 289 1033 θνητοῦ
308 967 353 1019 καὶ
372 968 436 1018 θεοῦ
456 967 565 1032 δύναμιν
585 1007 590 1016 .
612 1007 616 1016 .
638 1007 643 1016 .
664 1006 669 1016 .
692 966 751 1018 Εἰσί
777 954 779 987 ¹
804 963 852 1030 μέν
882 965 980 1031 μᾶλλον
986 1005 993 1027 ,
1026 963 1085 1022 τούς
1118 965 1143 1016 δ’
1177 964 1254 1032 ἧττον
1281 965 1371 1017 ε’πιτα-

190 1054 248 1123 γὰρ,
267 1057 304 1113 ὡς
332 1056 359 1107 ἒν
387 1055 548 1121 ἀνθρώποις,
567 1054 612 1107 καὶ
632 1055 751 1121 δαίμοσιν
777 1042 779 1147 η
805 1052 897 1118 ράττει.
935 1055 1052 1106 Γίνονται
1072 1054 1129 1123 γὰρ,
1149 1055 1186 1111 ὡς
1209 1054 1236 1107 ἐν
1259 1054 1370 1120 ἀνθρώ-

189 1144 282 1211 ἀρετῆς
306 1144 431 1212 διαφοραί
455 1143 500 1196 καὶ
529 1152 573 1196 τοῦ
600 1145 750 1211 παθητικοῦ
804 1162 871 1205 ποις,
885 1142 930 1195 καὶ
940 1144 1059 1209 δαίμοσιν
1073 1142 1166 1210 ἀρετῆς
1181 1142 1307 1209 διαφοραί
1322 1143 1370 1195 καὶ

190 1233 235 1284 καὶ
263 1233 374 1300 ἀλόγου,
407 1241 459 1290 τοῖς
485 1231 533 1298 μέν
565 1232 673 1289 ἀσθενές
706 1232 751 1285 καὶ
805 1233 908 1287 κακίας.
946 1230 981 1284 Τά
1000 1230 1049 1299 γάρ
1068 1229 1206 1299 Γιγαντικὰ
1225 1230 1270 1282 καὶ
1294 1232 1370 1283 Τιτα-

190 1321 310 1389 ἀμοιυρόν
323 1322 359 1373 ἔτι
376 1323 509 1390 λείψανον,
524 1323 612 1388 ὥσπερ
627 1323 751 1387 περίττω-
805 1319 865 1371 νικά
879 1321 942 1386 παρ’
959 1321 1080 1388 Ἕλλησιν
1095 1320 1217 1388 ᾀδόμενα,
1236 1319 1281 1371 καὶ
1296 1321 1370 1386 Κρό-

190 1431 240 1476 μα,
259 1419 311 1469 τοῖς
330 1410 358 1463 δὲ
376 1410 442 1463 πολὺ
462 1411 506 1462 καὶ
526 1410 751 1478 δυσκατάσβεστον
806 1429 851 1459 νου
866 1409 929 1466 τινὲς
944 1410 1055 1476 ἄθεσμοι
1069 1409 1184 1475 πράξεις,
1204 1408 1249 1460 καὶ
1263 1409 1369 1462 Πύθω-

189 1499 296 1562 ένεστιν,
320 1499 359 1552 ὧν
378 1502 435 1567 ἴχνή
455 1500 500 1551 καὶ
520 1500 637 1566 σύμβολα
655 1500 750 1552 πολλα·
805 1518 848 1554 νος
867 1498 1006 1560 ἀντιτάξεις
1024 1498 1089 1566 πρὸς
1106 1499 1252 1551 Ἀπόλλωνα
1259 1539 1266 1561 ,
1285 1501 1373 1566 φυγαί

189 1595 238 1654 χοῦ
254 1589 342 1639 θυσίαι
357 1588 402 1639 καὶ
422 1588 516 1640 τελεταὶ
533 1588 578 1640 καὶ
596 1590 750 1656 μυθολογίαι
806 1607 831 1637 τε
846 1588 973 1640 Διονύσου
988 1589 1033 1641 καὶ
1051 1588 1143 1640 πλάναι
1163 1588 1303 1655 Δήμητρος
1323 1588 1369 1640 οὐ·

190 1676 305 1736 σώζουσι
323 1677 367 1728 καί
377 1676 592 1744 διαφυλάττουσιν
602 1678 751 1744 ένδιεσπαρ-
806 1675 849 1727 δέν
872 1676 1038 1729 ἀπολείπουσι
1061 1685 1113 1729 τῶν
1133 1678 1300 1744 Ὀσιριακῶν
1324 1677 1370 1728 καί

189 1764 261 1830 μένα.
300 1762 351 1823 21,
379 1767 471 1823 Οὕτως
491 1759 564 1842 (scil.
589 1765 626 1823 ὡς
645 1766 675 1818 τὰ
692 1768 751 1833 περὶ
810 1766 984 1833 Τυφωνικῶν,
999 1767 1086 1818 ἄλλων
1105 1787 1130 1817 τε
1149 1765 1187 1817 ὧν
1204 1773 1267 1818 πᾶσι
1287 1767 1371 1827 ἔξεστι

192 1854 314 1906 Πύθωνα
340 1854 384 1906 καί
404 1856 539 1921 Διόνυσον)
564 1855 631 1922 ἔχειν
654 1856 698 1907 καὶ
723 1856 752 1908 τὰ
778 1850 780 1929 λ
805 1855 1041 1922 μοθολογουμένων
1064 1855 1180 1906 ἀκούειν·
1206 1856 1253 1906 ὅσα
1273 1875 1299 1906 τε
1318 1875 1370 1922 μυ-

199 1942 343 2009 Τυῳωνικὰ
357 1945 402 1996 καὶ
421 1944 451 1997 τὰ
469 1944 599 1996 Τιτανικά·
620 1946 753 2010 δαιμόνων
778 1942 780 1991 Ι
806 1952 902 2000 στικοῐς
935 1946 1013 2010 ἱεροῖς
1044 1945 1286 2010 περικαλυπτόμενα
1323 1945 1370 1996 καὶ

191 2032 277 2098 μάχας
301 2032 428 2100 γεγονέναι
451 2032 516 2098 πρὸς
540 2035 676 2099 δαίμονας,
699 2033 752 2087 εἶτα
778 2020 780 2057 ¹
807 2032 922 2096 τελεταῖς,
933 2034 1033 2101 ἄρρητα
1048 2033 1202 2093 διασώζεται
1212 2031 1256 2083 καί
1269 2031 1370 2085 ἀθέατα

193 2119 278 2188 φυγὰς
292 2128 345 2173 τῶν
363 2122 548 2189 κρατηθέντων
568 2123 583 2189 ἢ
603 2124 752 2181 δικαιώσεις
806 2122 871 2189 πρὸς
890 2122 948 2181 τοὺς
966 2122 1085 2186 πολλοὺς,
1104 2123 1194 2188 ὅμοιον
1212 2122 1265 2188 ἔχει
1283 2122 1368 2189 λόγον.

192 2209 242 2261 ὑπὸ
261 2211 325 2262 θεοῦ
345 2217 397 2263 τῶν
414 2211 620 2278 ἐξαμαρτόντων,
640 2213 681 2263 οἷα
704 2213 752 2264 Τυ-

192 2297 253 2366 φὼν
278 2298 374 2365 λέγεται
398 2300 457 2366 περὶ
475 2301 578 2366 Ὄσιριν
601 2300 753 2366 ἐξαμαρτεῖν

192 2388 237 2439 καὶ
247 2389 349 2454 Κρόνος
363 2389 422 2454 περὶ
441 2390 568 2455 Οὔρονον,
583 2389 622 2441 ὧν
636 2390 752 2456 ἀμαυρό-

190 2497 259 2543 τεραι
278 2478 409 2544 γεγόνασιν
428 2480 456 2529 αἱ
473 2480 544 2544 τιμαί
559 2480 613 2530 κτλ.

278 2582 339 2638 lam
370 2582 462 2650 vides,
488 2585 625 2655 quomodo
650 2584 820 2641 Plutarchus
844 2601 926 2641 suam
949 2601 1008 2639 rem
1030 2582 1160 2654 gesserit.
1208 2583 1369 2640 Transtulit

190 2688 223 2727 ex
246 2670 388 2728 schedulis
412 2672 472 2729 suis
495 2672 618 2730 frustula
642 2674 781 2746 quaedam
799 2673 975 2729 Xenocrates
999 2671 1028 2728 in
1051 2671 1179 2743 proprios
1202 2671 1291 2729 libres
1315 2671 1367 2742 ita,

190 2762 222 2816 ut
250 2778 318 2817 snae
343 2762 583 2833 argumentationi
605 2763 809 2819 Xenocrateam
838 2761 984 2819 scientiam
1014 2761 1173 2832 adaptaret.
1220 2760 1369 2818 lmmintae

192 2851 259 2905 sunt
283 2867 348 2922 ergo
373 2850 457 2907 etiam
482 2868 526 2907 res
551 2869 568 2906 a
592 2852 777 2909 Chalcedonio
802 2851 920 2908 alienae.
959 2851 1043 2909 Velut
1067 2849 1208 2922 quispiam
1231 2849 1260 2906 in
1285 2850 1368 2907 dubi-

189 2938 326 2995 tationem
349 2940 466 3010 vocarit,
491 2958 556 2996 num
580 2941 628 2997 isti
644 2941 802 3014 Typhoneu,
823 2941 950 3010 Titanes,
971 2940 1118 3013 Giganteo,
1144 2939 1246 3011 quibus
1270 2940 1368 3012 pravis

191 3027 377 3086 daemonibus
406 3029 502 3102 iniqua
531 3030 649 3086 nocendi
677 3031 719 3087 vis
747 3031 894 3100 tribuitur,
924 3030 960 3087 ad
984 3031 1076 3102 ipsum
1100 3029 1299 3085 Academicum
1323 3046 1367 3085 re-

191 3116 287 3173 deant.
335 3119 387 3174 Sed
412 3121 617 3191 peropportune
642 3120 758 3189 accidit,
782 3123 814 3177 ut
836 3119 1007 3177 testimoniis
1036 3117 1149 3175 aliunde
1178 3116 1274 3190 petitis
1298 3116 1368 3174 haec

192 3207 319 3277 exempla
341 3210 398 3263 ram
423 3208 554 3265 attulisse
576 3208 762 3265 Xenocratem
789 3211 943 3267 statuatur.
990 3209 1145 3265 Edooomur
1173 3207 1246 3263 enim
1270 3206 1367 3278 Olym·

189 3295 299 3367 piodori
319 3297 517 3353 commentario
538 3297 574 3354 ad
593 3297 698 3355 Phaed.
724 3298 828 3370 scripte
844 3315 991 3368 carcerem,
1012 3315 1065 3370 quo
1081 3295 1207 3354 homines
1231 3295 1368 3352 contineri

192 3383 275 3441 PlatO
299 3385 368 3442 ibid.
393 3403 421 3457 p.
444 3381 504 3445 62¹³
528 3387 617 3456 dodel,
643 3387 679 3442 ab
704 3387 826 3444 ciusdem
851 3388 988 3459 discipulo
1012 3388 1133 3456 φρουράν
1155 3387 1291 3453 Τιτανικήν
1315 3400 1368 3455 ap·

190 3473 327 3545 pellatam
359 3492 429 3532 osse.
478 3475 538 3543 Quo
572 3477 666 3532 autem
700 3479 827 3548 spectent
859 3477 979 3533 obseura
1007 3475 1206 3548 Neoplatonici
1235 3474 1322 3531 verba
1350 3475 1367 3544 ἡ

190 3564 296 3631 φρουρά
316 3605 321 3615 .
338 3606 343 3617 .
408 3565 445 3622 ὡς
466 3567 641 3634 Ξενοκράτης,
665 3567 784 3634 Τιτανική
803 3567 855 3619 ε’στι
879 3567 924 3619 καὶ
943 3569 979 3625 εἶς
998 3569 1124 3622 Διόνυσον
1142 3567 1368 3633 ἀποκορυφοῦται,

190 3669 262 3724 quae
295 3653 338 3709 vel
362 3652 468 3709 Zellero
494 3655 534 3726 (ll
555 3645 629 3726 l3p.
656 3647 752 3728 882⁹)
776 3654 933 3726 explicandi
956 3655 1150 3712 difficultatem
1175 3652 1367 3726 praehuerint,

189 3741 322 3798 facillime
345 3741 492 3815 intelleges
516 3743 592 3800 Plut.
616 3744 678 3799 loco
698 3743 730 3799 de
755 3760 803 3799 esu
828 3760 904 3801 carn.
925 3746 948 3813 l,
970 3743 987 3804 7
1013 3747 1176 3816 comparato
1186 3737 1221 3816 ¹).
1259 3741 1368 3799 Ibidem

189 3830 360 3889 Plutarchus
388 3831 448 3889 sinu
477 3832 562 3889 dubio
590 3834 742 3904 praecepta
770 3833 909 3904 quaedam
932 3834 1097 3891 Xenocratis
1126 3833 1156 3890 in
1180 3850 1262 3891 suum
1284 3849 1368 3890 usum

190 3914 368 3994 convertit2),
394 3922 497 3994 quippo
517 3923 565 3994 qni
586 3922 696 3979 exordio
721 3922 833 3994 capitis,
854 3925 885 3979 ut
909 3923 981 3981 solet
1004 3923 1034 3980 in
1056 3923 1189 3995 primario
1213 3923 1291 3980 fonte
1315 3921 1367 3978 ad·

280 4095 299 4163 ¹)
320 4095 377 4160 Quo
406 4094 464 4147 iure
484 4094 578 4147 Ritter
605 4095 667 4149 hist.
697 4095 761 4162 phil.
786 4095 889 4161 antiqu.
914 4097 953 4148 IV
971 4113 996 4161 p.
1017 4095 1087 4148 5102
1106 4095 1283 4163 dubitauerit,
1303 4111 1368 4148 num

189 4165 253 4218 illae
273 4167 342 4218 duae
362 4167 395 4218 de
415 4182 462 4218 esu
482 4165 604 4219 carnium
629 4165 815 4219 oratiunculae
839 4167 975 4234 genuinae
995 4165 1057 4233 sint,
1078 4184 1120 4220 me
1138 4167 1266 4235 ignorare
1287 4166 1367 4234 profi·

189 4241 264 4360 ηηηηη
283 4253 356 4375 8131qu2
358 4236 468 4362 lericic
487 4237 609 4303 quamvis
629 4238 808 4291 obtruncatae
836 4243 926 4292 tamen
951 4254 1111 4305 germanum
1130 4237 1272 4292 Plutarchi
1290 4238 1368 4306 inge·

279 4388 299 4457 12)
319 4389 378 4441 lam
397 4389 552 4442 Volkmann
570 4390 598 4440 ΙΙ
617 4406 642 4455 p.
665 4389 696 4441 15
717 4387 912 4441 animadvertit
931 4389 1107 4441 Plutarchum
1126 4390 1249 4455 potuisse
1268 4390 1296 4444 in
1314 4391 1367 4444 hac

178 4458 223 4511 ‘de
243 4475 290 4512 esu
314 4460 436 4513 carnium
459 4460 620 4526 quaestione
640 4459 814 4513 Chalcedonii
837 4459 956 4528 vestigia
975 4475 1103 4527 premere,
1124 4461 1224 4529 quippe
1243 4462 1290 4528 qui
1307 4461 1367 4530 περὶ
