3126 5002
708 1063 969 1157 VITA

340 1279 472 1359 Lipsiae
496 1299 523 1344 a.
544 1281 572 1343 d.
592 1279 656 1345 XV
679 1279 752 1342 Kal.
776 1279 871 1344 Febr.
896 1278 972 1344 anni
996 1280 1027 1342 h.
1053 1296 1076 1344 s.
1105 1279 1216 1343 LXIV
1239 1278 1342 1343 lucem
1366 1281 1422 1342 ad-

251 1386 341 1466 spexi
370 1390 465 1466 patre
493 1390 589 1450 natus
613 1385 772 1450 Guilelmo
796 1384 1035 1467 Schmertosch,
1063 1404 1157 1465 quem
1185 1384 1264 1449 mihi
1288 1385 1424 1464 puerulo

250 1492 370 1574 eripuit
388 1491 501 1575 fatum,
521 1497 625 1558 matre
644 1492 819 1558 Henrietta
843 1495 882 1558 de
905 1498 1003 1575 gente
1021 1493 1174 1575 Kloberg,
1198 1511 1294 1572 quam
1317 1493 1424 1557 adhuc

250 1599 458 1681 superstitem
490 1618 560 1664 esse
597 1599 693 1665 valde
720 1602 853 1682 gaudeo.
900 1599 1079 1664 Elementis
1107 1599 1292 1665 litterarum
1320 1598 1422 1663 imbu-
1521 1604 1523 1608 ‘

250 1713 303 1772 tus
331 1727 389 1787 per
420 1725 535 1772 novem
567 1726 668 1772 annos
696 1707 838 1772 scholam
867 1708 1066 1771 Thomanam
1093 1705 1221 1787 patriae
1245 1706 1335 1771 urbis
1358 1707 1422 1770 fre-

250 1813 413 1894 quentavi.
460 1813 510 1878 Ibi
539 1832 623 1878 anno
646 1814 824 1879 LXXXIV
852 1813 1053 1878 maturitatis
1083 1812 1268 1878 testimonio
1291 1817 1423 1893 accepto

250 1920 433 2001 adscriptus
465 1938 535 1985 sum
567 1920 692 1984 civibus
720 1920 923 2005 Academicis
955 1926 1003 2002 et,
1034 1926 1203 2001 postquam
1235 1939 1293 2001 per
1325 1938 1422 1984 unum

250 2046 368 2092 annum
394 2025 531 2091 militiae
554 2026 738 2091 rudimenta
761 2027 902 2110 deposui,
925 2045 1008 2092 novo
1031 2026 1216 2092 litterarum
1235 2028 1351 2091 ardore
1374 2025 1422 2090 in-

248 2133 431 2199 flammatus
450 2132 622 2215 philologis
638 2132 755 2198 studiis
773 2152 824 2198 me
838 2133 955 2198 dedidi.
993 2133 1182 2198 Docuernnt
1196 2153 1246 2198 me
1270 2132 1422 2197 illustris-

250 2239 323 2305 simi
345 2239 411 2304 viri
426 2238 572 2318 Chalaion,
594 2239 737 2319 Certiora,
757 2239 889 2320 Hecube,
908 2239 1119 2320 Heldelnuud,
1140 2239 1251 2324 Kopai,
1276 2239 1421 2322 Dipsium,

248 2347 398 2425 Ribbeck,
423 2345 570 2426 Richter,
596 2346 723 2426 Robde,
749 2346 850 2431 Volgi,
875 2346 1091 2427 Wncbsmutb,
1116 2347 1244 2427 minut,
1269 2347 1421 2412 Zarnclcc.

249 2453 346 2536 Regii
364 2452 530 2518 seminarii
549 2452 713 2536 philologi,
733 2456 816 2534 quod
835 2460 954 2537 regunt
967 2454 1111 2538 Lipsiae,
1131 2454 1277 2535 Rtbheelc,
1297 2454 1421 2520 Woebs-

249 2561 351 2641 lrcrrtb,
376 2560 495 2625 sodalis
519 2560 702 2625 ordinarius
725 2566 759 2626 et
782 2561 948 2627 seminarii
972 2561 1169 2645 Germanici,
1193 2561 1244 2626 cui
1267 2566 1423 2642 praesunt

249 2668 288 2731 cle
305 2667 437 2733 Bubuler
456 2672 490 2733 et
508 2669 662 2748 Zurnchc,
687 2668 807 2733 sodalis
830 2669 1109 2734 extraordinarius
1132 2669 1180 2734 fui
1203 2688 1261 2750 per
1284 2668 1350 2734 tria
1373 2687 1421 2733 se-

249 2774 391 2839 mestria.
438 2775 662 2857 Paedagogico
686 2774 867 2858 seminario,
891 2778 975 2856 quod
994 2778 1179 2842 moderatur
1202 2775 1344 2857 Richter,
1365 2794 1423 2855 per

249 2882 311 2945 duo
335 2882 506 2947 semestria
535 2882 670 2947 interfui
698 2887 731 2946 et
759 2882 944 2948 etiamnunc
971 2883 1137 2949 intersum.
1184 2884 1223 2948 In
1251 2882 1423 2948 societates

248 2987 429 3071 philologos
462 2989 601 3071 benigne
630 3001 681 3054 me
714 2994 906 3069 receperunt
937 2989 1086 3073 Lipsiae,
1120 2991 1270 3071 Ribbeck,
1298 2989 1421 3070 Rolule,

249 3088 459 3160 Wuclrsmntb.

338 3199 461 3282 Quibus
485 3202 566 3267 viris
589 3201 784 3268 doctissimis
807 3203 934 3286 gratias
957 3224 1052 3286 quam
1074 3205 1232 3270 maximas
1255 3224 1316 3287 ago
1340 3224 1421 3269 sem-

248 3327 369 3389 perque
392 3328 500 3391 agam,
524 3308 682 3390 imprimis
705 3311 953 3392 chbsrnutbio,
978 3313 1033 3393 qui
1056 3332 1128 3378 mea
1151 3312 1260 3378 studia
1282 3311 1422 3378 maxime

248 3414 338 3480 fovit.
380 3416 429 3479 Ac
451 3415 601 3480 meritam
624 3417 765 3499 gratiam
785 3418 927 3484 Heinaeo
950 3440 1074 3502 quoque
1097 3419 1211 3504 refero,
1235 3419 1291 3501 qni
1313 3439 1364 3484 me
1388 3420 1422 3484 in

248 3521 446 3588 bibliotheca
475 3523 702 3590 universitatis
725 3527 905 3607 Lipsiensis
932 3526 1057 3593 frustra
1084 3528 1184 3593 libros
1212 3532 1421 3608 quaerentem

248 3649 306 3694 sna
333 3629 489 3695 librorum
517 3629 609 3711 copia
637 3633 791 3697 benevole
819 3634 954 3700 adiuvit.
1001 3635 1149 3716 Denique
1177 3653 1339 3715 nunquam
1362 3633 1421 3698 im-

248 3757 400 3802 memmor
419 3756 483 3819 ero,
506 3744 705 3819 quantopere
729 3740 807 3804 socii
830 3742 1034 3806 contubernii
1057 3742 1213 3824 philologi
1236 3748 1270 3808 et
1293 3741 1421 3807 littera-

247 3862 318 3908 rum
342 3849 375 3910 et
398 3844 633 3913 familiaritatis
657 3865 716 3914 usu
739 3865 864 3928 semper
887 3867 937 3913 me
960 3847 1163 3915 delectarint.
