3126 5002
713 231 936 291 ‚14-

232 411 385 481 praecepta
408 412 473 466 ante
497 409 593 466 oculos
612 409 756 466 habuisse.
803 411 949 468 Accedunt
973 412 1040 470 alia.
1086 413 1162 469 Nam
1184 413 1300 482 fabella,
1325 432 1414 486 quarn

234 499 267 554 de
292 498 346 556 def.
371 516 410 555 or.
441 497 478 557 18
503 499 660 556 Demetrius
684 500 718 555 de
742 500 863 557 Saturno
889 501 919 557 in
947 501 1058 573 deserta
1082 503 1246 561 Britarmiae
1274 504 1371 561 insula
1395 522 1414 560 a

233 589 298 644 Iove
313 588 402 644 somni
422 587 542 644 vinculis
567 589 720 645 constricto
735 592 763 645 ot
778 606 795 645 a
810 588 975 647 demonibus
998 608 1054 648 non
1069 592 1277 649 immortalibus
1292 593 1414 650 circum·

233 671 359 747 volato¹)
384 679 492 744 narrat,
517 677 551 733 de
574 677 629 734 fac.
646 675 688 736 26
713 678 824 734 aSulla
847 678 896 736 illo
920 679 1029 751 plenior
1051 680 1200 752 profertur.
1238 679 1299 738 Hos
1323 683 1413 750 locos,

233 768 264 823 ut
288 766 384 823 statim
409 766 609 838 perspiciatur,
634 784 706 838 quae
729 768 801 823 ratio
826 768 898 825 inter
930 786 977 826 eos
1001 769 1170 840 intercedat,
1194 770 1223 826 in
1257 774 1414 843 conspectu

233 873 347 927 ponam.

301 963 334 1019 dc
349 962 403 1019 fat.
421 960 478 1022 26:
504 963 542 1016 ὧν
556 965 584 1016 ἕν
601 973 647 1032 μιᾷ
667 964 710 1016 τὸν
725 967 796 1031 Κρό-
917 967 950 1022 dc
975 966 1029 1023 def.
1059 964 1111 1026 18:
1146 969 1222 1020 Ἐκεῖ
1238 969 1323 1035 μέντοι
1349 972 1414 1036 μίαν

235 1075 279 1105 νον
302 1055 329 1105 οἵ
350 1053 480 1121 βάρβαροι
500 1055 660 1123 καθεῖρχθαι
680 1056 796 1120 panniolo-
850 1046 913 1100 εἶναι
929 1048 1078 1116 ιῆσον,ε’νῇ
1090 1049 1133 1100 τὸν
1145 1050 1247 1116 Κρόνον
1256 1051 1413 1118 κατεῖρχθαι

235 1151 323 1210 γοῦσιν
336 1143 387 1194 ὑπὸ
407 1151 452 1194 τοῦ
467 1145 536 1206 Διός,
557 1143 600 1194 τὸν
614 1142 643 1194 δὲ
657 1144 797 1208 Βρίαρεων
851 1138 1050 1204 ψρουροθμενον
1072 1136 1123 1189 ὑπὸ
1148 1145 1192 1189 τοῦ
1216 1139 1339 1205 Βριάρεω
1363 1160 1413 1191 κα-

237 1230 363 1302 (86Γίρ8ἰ;
402 1230 467 1286 libri
505 1233 542 1289 ὡς
570 1223 672 1301 υἵόν)“2)
706 1232 797 1299 ἔχοντα
853 1227 990 1278 θεὺὂοντα·
1011 1225 1106 1292 δεσμὸν
1120 1226 1168 1294 γὰρ
1183 1227 1254 1292 αὐτῷ
1270 1226 1313 1278 τὸν
1331 1229 1414 1279 ὕπνον

235 1321 353 1388 φρουρὸν
382 1328 434 1372 τῶν
458 1342 484 1372 τε
506 1321 595 1388 νήσων
617 1321 726 1372 ἐκείνων
751 1321 797 1373 καὶ
850 1316 1061 1382 μεμηχανῆσθαί,
1079 1315 1190 1374 πολλοὺς
1210 1315 1238 1368 δὲ
1255 1316 1315 1383 περὶ
1333 1316 1415 1368 αὐτὸν

235 1418 280 1478 τῆς
307 1411 452 1477 θαλάττης,
485 1410 517 1476 ἣν
544 1410 657 1476 Κρόνιον
688 1410 797 1477 πέλαγος
851 1403 914 1455 εἶναι
947 1405 1070 1469 δαίμονας
1104 1405 1220 1463 ὀπαδοὺς
1252 1405 1297 1457 καὶ
1331 1406 1414 1472 θερά-

236 1499 407 1565 ὄνομάζουσι,
428 1498 516 1564 πέραν
543 1499 711 1564 κατῳκίσθαι
745 1497 797 1567 (Sic
851 1513 954 1550 πθνῖας-

236 1594 360 1663 Dslbner,
381 1594 447 1650 libri
469 1596 614 1663 scopantium
634 1596 751 1665 κεῖσθαι)
761 1587 796 1664 3).

307 1686 384 1738 αὐτὸν
393 1685 441 1751 μὲν
451 1684 498 1752 γὰρ
509 1684 552 1735 τὸν
562 1686 665 1750 Κρόνον
674 1685 702 1736 ἕν
711 1685 797 1751 ἄντρῳ

235 1776 318 1843 βαθεῖ
337 1774 503 1842 περιέχεσθαι
529 1773 569 1824 ἐπὶ
588 1774 683 1839 πέτρας
702 1794 797 1841 χρυσο-

236 1866 321 1921 ειδοῦς
336 1864 509 1924 καθεύδοντα,
524 1862 567 1913 τὸν
577 1861 624 1929 γὰρ
636 1862 716 1913 ι’ίπνον
726 1863 797 1930 αὐτῷ

235 1954 437 2020 μεμηχανῆσθαι
448 1951 542 2017 θεσμὸν
557 1951 607 2003 ὑπὸ
618 1959 662 2002 τοῦ
674 1953 735 2008 Διός

309 2041 368 2098 τοὺς
391 2041 420 2093 δὲ
444 2042 568 2106 δαίμονας
592 2040 707 2097 ἐκείνους
726 2061 798 2106 περι-

237 2131 306 2182 έπειν
320 2131 365 2181 καὶ
380 2130 534 2195 θεραπεύειν
549 2129 591 2180 τὸν
606 2130 717 2196 Κρόνον,
732 2130 797 2181 ἑταί-

237 2240 300 2287 ρους
323 2219 395 2285 αὐτῷ
418 2217 583 2286 γενομένους,
607 2220 648 2269 ὅτε
674 2217 707 2285 δὴ
727 2219 799 2270 θεῶν

239 2310 284 2362 καὶ
303 2308 456 2373 ἀνθρώπων
475 2307 647 2375 ἐβασίλευσεν,

327 2413 405 2469 Haec
432 2412 531 2468 fabula
559 2413 613 2469 etsi
637 2413 785 2469 Britannia
813 2412 959 2468 nominata
986 2410 1014 2466 in
1044 2414 1120 2468 certa
1144 2412 1256 2484 regione
1280 2411 1336 2468 fixa
1360 2414 1414 2479 est,

237 2506 332 2561 tamen
365 2518 420 2558 non
444 2501 643 2558 Britannorum
678 2501 790 2571 fabula,
824 2502 873 2559 sed
906 2517 1010 2556 merum
1040 2504 1224 2558 commentum
1253 2502 1414 2559 babendum

239 2595 282 2650 est
311 2591 358 2661 (cf.
387 2590 569 2647 Muellenbotf
590 2584 743 2648 ‘Deutsclm
767 2588 960 2656 riltertumslr.’
989 2590 1001 2644 l
1026 2606 1054 2660 p.
1085 2583 1191 2662 4162).
1240 2591 1318 2660 Quae
1340 2590 1415 2647 unde

239 2682 373 2754 originem
396 2680 522 2747 traxerit,
546 2679 668 2736 fortasse
683 2681 801 2737 Platone
825 2680 928 2737 collato
955 2678 1037 2750 (Tim.
1059 2676 1118 2737 24⁰
1137 2680 1224 2736 Critia
1245 2678 1336 2753 1080)
1362 2699 1415 2754 ap-

238 2771 358 2843 parebit.
405 2768 479 2824 Nam
503 2769 585 2825 simili
611 2769 692 2825 modo
726 2773 811 2842 atquo
842 2768 917 2841 apud
942 2767 1126 2825 Plutarchum
1150 2770 1311 2826 Saturnium
1345 2771 1415 2828 illud

239 2877 315 2916 mare
338 2859 457 2915 traiectu
481 2857 594 2913 difficile
609 2861 637 2914 et
661 2875 810 2915 caenosum
835 2861 878 2916 est
901 2859 1017 2929 proptor
1039 2859 1179 2928 permulta
1202 2859 1318 2916 flumina
1342 2877 1415 2932 quae

239 2967 271 3004 ex
295 2949 393 3020 ignota
417 2947 538 3018 quadam
563 2949 638 3003 terra
661 2948 773 3004 humum
800 2947 945 3004 alimontia
968 2963 1044 3002 mare
1073 2964 1200 3005 crassum
1224 2950 1251 3004 et
1274 2951 1415 3005 terrenum

239 3037 368 3104 reddunt,
394 3036 469 3108 apud
488 3036 635 3092 Platonem
660 3054 735 3093 maro
760 3037 796 3093 ad
820 3054 951 3094 occasum
975 3034 1059 3092 situm
1080 3036 1208 3093 oblutum
1232 3055 1264 3093 ox
1288 3038 1415 3094 submer-

239 3126 316 3183 sione
345 3125 507 3181 Atlanticae
535 3125 644 3181 insulae
672 3128 763 3182 ortum
791 3126 983 3198 innavigabile
1012 3129 1138 3195 putatur.
1186 3125 1271 3183 Tales
1301 3125 1415 3183 fabulas

238 3232 373 3288 perquam
385 3214 530 3271 adamavit
540 3217 620 3271 votus
630 3214 793 3272 Academia.
823 3215 914 3284 Quid?
929 3206 1054 3287 quod‘ex
1070 3215 1167 3271 eodem
1177 3215 1305 3272 Platonis
1317 3215 1415 3272 schola

239 3304 394 3377 puerilibus
417 3303 523 3360 fabulis
547 3303 656 3360 refersit
687 3304 775 3361 libros
803 3322 870 3362 suos
898 3303 1070 3361 Heraclides*
1104 3305 1172 3377 (Cic.
1198 3304 1231 3361 de
1254 3306 1314 3362 nat.
1339 3305 1414 3362 deor.

240 3396 262 3464 l,
290 3391 339 3462 13,
366 3390 435 3464 {lep
473 3391 513 3448 ef.
530 3393 647 3448 Krische
663 3387 800 3450 ‘Forscb’
820 3395 876 3466 lp.
902 3391 967 3452 330
983 3412 1025 3466 sq.
1064 3394 1140 3450 ldom
1160 3392 1289 3451 Platonis
1304 3393 1415 3451 Aristo·

239 3483 358 3554 telisque
369 3481 523 3552 discipulus
534 3482 670 3553 permiras
682 3500 725 3539 res
736 3483 864 3539 narravit
876 3485 913 3553 (u.
926 3482 1023 3540 Zeller.
1039 3484 1067 3539 ll
1082 3475 1152 3555 1³12.
1165 3481 1229 3542 886
1237 3477 1272 3556 ¹).
1298 3484 1417 3540 Crantor

239 3589 321 3645 porro
341 3571 527 3627 Academicus
550 3571 627 3626 illam
653 3571 686 3626 do
703 3572 850 3629 Atlantica
873 3572 968 3629 insula
992 3572 1128 3642 fabulam,
1154 3589 1237 3644 quam
1262 3573 1310 3628 alii
1327 3574 1416 3640 μῦθον

239 3663 302 3716 εἶναι
321 3664 366 3714 καὶ
384 3662 488 3727 πλάσμα
512 3660 668 3731 putabant,
702 3664 815 3729 ἱστορίαν
833 3662 914 3730 ψιλὴν
932 3662 996 3715 εἶναι
1027 3661 1082 3718 Sibi
1105 3665 1286 3733 persuaserat
1311 3661 1414 3733 (Procl.

240 3751 268 3807 in
288 3751 358 3807 Tim.
380 3743 480 3821 24²b).
519 3749 591 3817 Quin
616 3749 699 3805 etiam
724 3752 755 3806 ut
775 3750 949 3821 Speusippus
973 3751 1006 3806 do
1028 3750 1159 3822 Apolline
1182 3749 1311 3807 Platonis
1335 3752 1415 3822 patre

330 3939 350 4007 ¹)
370 3939 429 4004 Qua
448 3937 554 3990 ratione
572 3938 627 3991 iam
646 3954 729 3992 aurea
748 3944 843 3992 aetate
862 3940 1005 3992 daemones
1025 3955 1085 3991 curn
1099 3938 1216 3992 Saturno
1236 3938 1415 4006 cohaeserint,

240 4028 274 4064 ex
291 4011 407 4063 Platone
427 4010 513 4077 (legg.
533 4010 572 4062 IV
590 4027 616 4076 p.
637 4010 719 4079 713c)
739 4009 874 4063 discimus.

331 4082 351 4148 ΛΖ)
371 4082 461 4134 Verba
484 4081 589 4134 tradita
612 4080 655 4132 τὸν
678 4079 707 4132 δὲ
726 4081 763 4138 ὡς
782 4081 838 4133 υἱὸν
857 4082 947 4148 ἔχοντα
971 4082 1091 4148 φρουράν
1119 4088 1247 4148 corrupta
1275 4098 1334 4136 esse
1361 4080 1416 4134 iam

240 4153 426 4220 Wyttenbacb
446 4151 592 4218 perspexit.
630 4153 686 4205 Neo
705 4169 766 4205 vero
786 4151 860 4205 felici
884 4152 995 4220 ingenio
1020 4154 1203 4220 corruptelam
1223 4153 1333 4206 sanavit
1351 4151 1416 4205 scri·

240 4224 327 4278 bendo
343 4223 385 4274 τὸν
400 4223 428 4274 δὲ
443 4223 480 4280 ὡς
494 4224 575 4274 ὕπνον
589 4224 679 4291 ἔχοντα
694 4225 820 4290 φρουράν.
840 4224 909 4276 Nam
923 4240 1015 4276 somno
1030 4224 1164 4277 Saturnus
1183 4240 1239 4277 non
1254 4223 1415 4286 custoditur,

241 4297 288 4349 sed
307 4295 414 4348 vinctus
434 4301 483 4347 est.
523 4295 577 4346 Cur
595 4311 660 4362 ergo
685 4295 840 4347 dubitamus
860 4294 964 4347 Briarei
985 4295 1106 4347 custodis
1130 4311 1234 4362 nornen,
1255 4297 1328 4361 quod
1346 4295 1417 4348 alter

241 4367 274 4420 de
294 4366 346 4419 def.
367 4382 403 4418 or.
424 4366 498 4417 locus
518 4365 684 4432 suppeditat,
705 4366 872 4418 substituere
891 4366 981 4419 deleto
1001 4365 1054 4418 isto
1074 4366 1111 4422 ὡς
1130 4366 1203 4418 oro?

330 4446 351 4515 ³)
371 4445 411 4499 Of.
431 4446 466 4498 M.
487 4446 568 4499 Treu.
588 4447 616 4499 Ζ.
637 4447 732 4500 Gesch.
753 4447 778 4499 d.
798 4434 888 4499 liberi.
908 4462 932 4499 r.
952 4446 1025 4499 Plut.
1045 4447 1110 4499 Mor.
1130 4446 1158 4499 Π
1176 4462 1201 4513 p.
1222 4448 1264 4501 20.
