3126 5002
671 286 893 346 Δ,19-

196 468 276 541 gavit
296 468 341 540 (de
361 466 416 543 diy.
441 483 499 538 per.
525 482 614 523 somn.
640 464 659 524 2
683 483 711 538 p.
737 462 826 525 46311
848 462 975 536 l3sqq.)
1015 465 1129 522 Somnia
1153 465 1179 523 ei
1201 466 1272 523 nihil
1296 466 1374 524 aliud

194 557 325 614 videntur
348 556 403 613 nisi
434 555 574 628 imagines
598 572 670 627 quae
694 554 861 626 perpaulum
889 555 1017 610 mutatae
1044 554 1102 611 iam
1129 557 1156 615 in
1187 555 1374 629 vigilantibus

196 646 299 703 animis
331 645 453 702 fuemnt.
500 644 652 701 Trifariam
684 643 819 701 discernit
851 642 961 701 somnia
988 660 1017 714 p.
1043 640 1126 703 463³
1154 641 1210 704 30:
1239 647 1308 698 οὕτω
1327 645 1374 714 μὲν

196 736 243 789 οὖν
261 737 389 805 ἐνδέχεται
408 742 460 787 τῶν
474 735 601 787 ἐνυπνίων
619 735 673 786 ἔνια
692 734 737 786 καὶ
756 742 849 801 σημεῖα
867 733 913 785 καὶ
932 735 999 786 αἴτια
1017 732 1093 786 εἶναι’
1114 733 1144 787 τὰ
1163 733 1191 787 δὲ
1209 734 1290 787 πολλὰ
1309 754 1374 802 συμ-

195 826 331 892 πτώμασιν
353 825 444 877 ἔοικεν.
490 821 588 894 Neque
611 821 656 879 his
680 820 772 879 sobrie
796 820 892 889 dictis,
917 838 989 893 quae
1013 837 1065 878 nos
1092 821 1211 878 maxime
1235 821 1373 890 alliciunt,

196 914 357 986 repugnant
384 929 418 969 ea
445 929 518 983 quae
542 911 618 982 apud
642 911 755 967 Sextum
778 909 950 982 Empirioum
973 910 1037 968 adv.
1061 910 1149 968 math.
1174 911 1227 980 IX,
1253 909 1294 970 20
1310 929 1373 983 sqq.

196 1002 229 1058 de
244 1001 388 1059 divinandi
411 1000 549 1058 facultate
569 999 770 1057 somniantium
793 1000 821 1056 et
844 998 1020 1057 morientium
1039 999 1169 1072 legimus.
1206 998 1281 1056 Nam
1304 1000 1374 1056 haec

194 1091 282 1147 verba
298 1091 376 1147 baud
395 1090 479 1147 dubie
497 1106 554 1147 non
573 1089 610 1145 ab
629 1088 691 1161 ipso
710 1088 872 1158 Aristotele,
898 1088 947 1146 sed
967 1105 984 1145 a·
1007 1105 1128 1160 persona
1152 1089 1275 1161 quadam
1299 1089 1373 1146 eius-

195 1180 257 1237 dem
277 1179 454 1253 dialogorum
472 1179 586 1251 prolata
605 1171 713 1249 11111).
752 1177 826 1234 Scite
845 1176 1026 1234 adumbravit
1049 1177 1200 1250 genuinam
1219 1178 1373 1251 Stagiritae

195 1269 366 1326 sententiam
396 1267 491 1325 Chalc.
524 1267 553 1324 in
577 1266 649 1324 Tim.
674 1282 697 1324 c.
728 1264 802 1326 248.
853 1266 1019 1323 Dicaearchi
1052 1266 1183 1339 discipuli
1209 1267 1373 1325 Aristotelis

195 1358 365 1416 mentionem
387 1357 457 1414 facit
471 1357 565 1414 Cicero
589 1357 623 1413 de
646 1355 701 1413 div.
727 1357 750 1425 I,
775 1352 805 1425 3,
831 1353 861 1424 5,
886 1355 935 1413 ubi
958 1356 1189 1428 philosophorum
1203 1356 1372 1414 Graecorum

196 1447 229 1504 de
253 1447 424 1504 divinatione
456 1445 564 1518 placita
595 1445 695 1518 paucis
727 1445 877 1502 recensuit.
911 1446 993 1502 *Inde
1025 1445 1158 1502 discimus
1187 1463 1249 1503 eum
1280 1448 1373 1503 cetera

195 1536 376 1594 divinationis
398 1553 501 1608 genera
525 1534 690 1603 sustulisse,
716 1534 887 1592 somniorum
910 1536 937 1591 et
961 1534 1064 1591 furoris
1087 1534 1235 1607 reliquisse
1259 1536 1372 1592 eadem·

195 1643 247 1698 que
279 1625 388 1682 ratione
417 1624 580 1696 Cratippum
609 1623 828 1695 Peripateticum
861 1625 889 1680 et
917 1623 1057 1680 Ciceronis
1089 1623 1257 1681 familiarem
1289 1641 1371 1682 usurn

194 1732 265 1772 esse.
303 1715 382 1771 Haec
400 1713 651 1786 Peripateticorum
671 1712 798 1770 doctrina
823 1712 887 1770 aliis
911 1730 1020 1785 quoque
1043 1712 1114 1771 locis
1133 1713 1272 1771 Tullianis
1297 1730 1371 1771 conr-

193 1806 372 1861 memoratur.
418 1803 553 1876 Legimus
582 1801 655 1860 enim
679 1801 713 1858 de
737 1801 792 1859 div.
821 1803 848 1872 l,
879 1799 935 1871 5o,
962 1799 1039 1861 113:
1065 1796 1223 1860 ’11111111
1246 1821 1371 1876 unquam

194 1893 306 1950 animus
343 1892 463 1950 hominis
499 1891 668 1949 naturaliter
705 1890 826 1959 divinat,
864 1890 920 1947 nisi
957 1907 1020 1948 cum
1052 1891 1093 1949 ita
1125 1892 1235 1949 solutus
1269 1896 1312 1950 est
1345 1896 1372 1950 et

194 1999 315 2051 vacuuS,
346 1983 379 2038 ut
411 1981 435 2038 ei
464 1981 550 2053 plane
582 1979 651 2037 nihil
684 1979 722 2037 sit
754 1997 816 2037 cum
840 1997 969 2052 corpore;
994 1981 1069 2053 quod
1092 1980 1279 2039 antiatibus
1304 1998 1370 2039 con-

192 2071 279 2144 tingit
312 2073 362 2128 aut
394 2069 606 2128 dormientibus.
652 2070 752 2141 ltaque
783 2087 815 2126 ea
848 2070 902 2126 duo
930 2086 1034 2142 genera
1062 2069 1274 2128 aDicaearcho
1305 2088 1371 2144 pro-

194 2160 299 2217 bantur
322 2163 362 2229 11,
386 2161 419 2217 ut
442 2159 511 2228 dixi,
537 2177 554 2216 a
578 2158 712 2230 Cratippo
735 2158 852 2216 nostro’.
900 2158 1025 2227 Quocum
1050 2159 1172 2216 concinit
1195 2159 1268 2216 alter
1290 2159 1370 2217 locus

193 2248 226 2305 de
255 2236 310 2306 div.
335 2250 377 2319 ll,
403 2246 459 2318 48,
489 2246 563 2318 loo,
593 2248 747 2305 secundum
776 2265 858 2320 quem
891 2246 979 2304 eidem
1003 2248 1183 2320 Peripatetici
1216 2250 1371 2307 censebant

192 2355 254 2395 esse
282 2339 310 2394 in
338 2337 480 2396 mentibus
508 2336 651 2394 hominum
680 2339 819 2409 tanquam
847 2337 991 2394 oraculum
1019 2338 1160 2409 quoddam
1191 2356 1223 2394 ex
1247 2355 1301 2411 quo
1325 2339 1370 2396 fu-

192 2429 257 2484 tura
285 2426 495 2500 praesagirent,
525 2426 549 2484 si
578 2428 629 2483 aut
655 2425 748 2483 furore
777 2426 869 2483 divino
898 2426 1033 2483 incitatus
1061 2426 1172 2484 animus
1198 2429 1248 2484 aut
1271 2444 1369 2485 somno

193 2516 337 2573 relaxatus
361 2515 452 2573 solute
476 2517 504 2572 et
527 2515 614 2572 libere
637 2517 803 2572 moveretur.

282 2605 350 2673 Quis
370 2607 414 2662 est
437 2605 485 2677 qui
507 2606 592 2677 neget
615 2604 732 2661 eandem
756 2603 925 2661 sententiam
949 2604 1136 2662 aPlutarcbo
1160 2605 1189 2660 in
1214 2603 1301 2665 140
1325 2624 1369 2662 re-

193 2695 304 2765 ceptam
319 2697 400 2752 esse?
436 2694 580 2763 Attamen,
603 2709 638 2749 ne
656 2710 718 2750 eum
732 2693 982 2766 Peripateticorum
1005 2693 1126 2766 vestigia
1150 2694 1289 2766 pressisse
1309 2710 1368 2751 cre-

193 2782 302 2852 damus,
320 2782 500 2855 prohibemur
512 2782 659 2854 permultis
679 2785 707 2839 11
720 2782 895 2854 planissimis
911 2780 1067 2839 Stoicorum
1081 2783 1224 2839 doctrinae
1248 2783 1367 2841 indiciis

280 2872 319 2929 Ut
342 2889 359 2928 a
383 2871 560 2945 gravissimis
584 2872 734 2939 ordiamur,
760 2872 927 2928 monendum
951 2873 995 2928 est
1014 2871 1123 2928 Stoicos
1146 2874 1258 2943 praeter
1276 2872 1368 2929 Hera-

192 2960 304 3018 cliteam
331 2961 468 3033 imprimis
496 2960 659 3018 Aristotelis
691 2960 848 3018 doctrinam
875 2960 1023 3033 physicam
1050 2961 1079 3017 in
1107 2978 1188 3019 suam
1219 2961 1368 3035 psycholo-

191 3049 267 3122 giam
283 3050 440 3107 deduxisse.
477 3050 541 3107 Hac
555 3049 584 3106 in
608 3067 636 3106 re
659 3050 864 3121 perscmtauda
888 3049 1009 3106 inaximo
1033 3049 1100 3106 mihi
1123 3049 1188 3107 usui
1212 3053 1273 3108 orat
1288 3050 1368 3108 lucu·

191 3139 350 3196 lentissima
365 3138 502 3196 Siebeckii
517 3133 716 3196 commentatio
737 3156 809 3211 quae
826 3133 890 3195 ‘llic
905 3138 1028 3195 Umbild.
1045 3138 1071 3196 d.
1088 3139 1209 3211 peripat.
1225 3139 1367 3212 Naturph.

192 3226 220 3284 in
248 3227 291 3284 die
320 3229 369 3285 der
397 3227 495 3286 Stoilr.’
519 3227 659 3300 inscripta
683 3221 768 3301 ese2).
815 3228 967 3286 Vertamus
1000 3227 1088 3301 igitur
1119 3228 1227 3285 animos
1258 3229 1295 3286 ad
1317 3229 1368 3286 illa

192 3316 334 3388 apertiora
362 3316 473 3375 Stoicae
501 3316 645 3374 doctrinae
673 3316 795 3390 vestigia
823 3334 895 3389 quae
923 3318 1036 3374 exstant
1070 3318 1145 3389 apud
1173 3317 1367 3375 Plutarchum.

191 3404 291 3462 Nonne
315 3406 439 3464 ciusdem
466 3407 494 3460 τὸ
521 3407 646 3474 μαντικὸν
673 3407 757 3475 ῥεῦμα
784 3407 829 3459 καὶ
855 3414 957 3473 πνεῦμα
984 3407 1118 3460 θειότατον
1145 3407 1190 3459 καὶ
1219 3408 1368 3471 ὁσιώτατον,

190 3494 265 3566 quod
287 3504 381 3564 κρᾶσιν
404 3504 458 3554 ταῖς
477 3505 576 3564 ψυχαῖς
595 3497 699 3564 ἐμποιεῖ
722 3495 761 3567 (p.
787 3491 891 3566 432⁰),
921 3493 1091 3551 affinitatem
1115 3495 1258 3566 quandam
1281 3494 1368 3552 habeb

190 3600 252 3640 cum
273 3583 539 3641 Stoicorum'divina
554 3583 658 3653 anima,
683 3601 756 3656 quae
778 3601 828 3656 per
850 3585 941 3640 11111111
964 3583 1099 3640 mundum
1121 3600 1293 3655 permanans
1316 3584 1368 3641 ho-

190 3673 296 3730 minum
311 3690 421 3746 quoque
436 3672 600 3744 corporibus
623 3672 832 3730 immisceatur?
870 3671 910 3729 Cf.
936 3672 1012 3743 apud
1032 3672 1111 3730 Stob.
1136 3672 1187 3730 eol.
1212 3674 1235 3742 l,
1265 3670 1290 3740 l,
1307 3669 1367 3732 291

191 3762 217 3834 (Ι
246 3779 275 3833 1).
308 3759 349 3823 37
381 3761 439 3835 W.)
474 3761 631 3819 Stoicorum
660 3771 761 3831 πνεῦμα
780 3764 901 3830 ἒνόιῆκον
920 3763 955 3814 δι’
977 3764 1038 3815 ὅλου
1057 3770 1102 3815 τοῦ
1122 3764 1231 3830 κόσμου.
1274 3761 1367 3832 Supra

190 3850 246 3906 iam
270 3850 391 3907 vidimus
414 3850 444 3907 in
463 3851 558 3908 anima
582 3850 675 3908 calore
699 3850 843 3906 divinandi
865 3849 921 3907 vim
947 3849 1071 3906 excitari.
1110 3849 1200 3918 Quid?
1225 3850 1299 3921 quod
1322 3868 1367 3906 se-

190 3940 311 3996 cuudum
336 3939 446 3997 Stoicos
470 3940 562 3997 calore
586 3939 640 3996 toti
662 3940 765 3995 mundo
793 3939 879 3995 insito
903 3938 997 3995 omnia
1020 3940 1166 3995 moventur
1190 3940 1218 3994 et
1244 3941 1368 4011 aguntur

191 4028 238 4100 (cf.
255 4028 311 4085 Cic.
332 4029 365 4085 de
380 4030 440 4085 nat.
456 4029 531 4086 deor.
547 4029 584 4097 ll,
601 4026 620 4088 9
637 4030 733 4101 sqq.)?
769 4028 824 4084 Hic
839 4028 915 4084 calor
931 4045 948 4083 a
967 4027 1068 4084 Stoicis
1087 4037 1189 4095 πνεῦμα
1208 4021 1366 4100 1111111113).

189 4117 294 4174 Eodem
318 4118 417 4174 ardore
442 4118 518 4190 apud
541 4117 724 4175 Plutarchum
747 4134 774 4189 p.
800 4111 881 4175 lauf
903 4115 997 4172 anima
1025 4118 1152 4184 ἔνθερμος
1171 4118 1216 4170 καὶ
1239 4118 1366 4185 πυρώδης

279 4342 300 4443 ζ)
316 4341 362 4431 Cf.
382 4342 511 4408 Bernays.
528 4341 573 4394 Ἴ).
593 4339 664 4424 Dial.
685 4341 710 4394 d.
725 4339 816 4423 Arist?
837 4356 863 4428 p.
885 4340 935 4392 104
945 4355 983 4440 {q
1004 4343 1033 4392 et
1047 4338 1141 4392 Zeller.
1161 4338 1273 4427 1111311.
1293 4339 1365 4392 551⁴.

278 4413 300 4552 1
320 4411 843 4550 111111111111
865 4410 952 4548 eree.
975 4427 1000 4476 ..

1171 4569 1208 4622 2*
