3126 5002
669 225 892 289 ..23-

193 402 343 461 memoriae
361 403 543 476 prodidemnt
566 407 595 462 et
614 405 715 463 Strabo
741 407 776 478 (Ι,
800 404 839 466 16
858 423 886 479 p.
908 403 962 478 57)
985 409 1013 465 et
1032 408 1137 466 Seneca
1161 411 1233 479 (nat.
1258 412 1368 481 quaest.

193 492 232 562 ΙΙ,
258 490 310 561 26,
335 489 379 564 4).
424 493 505 562 Quod
527 510 591 552 vero
616 496 703 567 caput
725 496 779 563 cst,
803 494 855 552 hoc
879 497 1008 552 everrtum
1032 496 1172 554 vaticiniis
1196 498 1369 570 praedictum

194 598 257 639 esse
280 581 365 638 refert
384 581 494 656 Trogus
520 584 603 655 (lust.
628 583 696 656 epit.
720 583 787 640 hist.
814 583 886 641 Phil.
912 581 964 644 30.
989 581 1033 656 4),
1058 585 1105 658 qui
1128 586 1263 644 imitando
1287 587 1369 644 Posi-

194 669 270 728 donii
293 670 415 744 vestigia
437 671 551 744 pressit.
598 671 705 730 Narrat
729 672 801 729 enim
822 667 912 729 ‘inter
934 673 1044 731 insulas
1068 674 1188 732 Theram
1212 677 1239 732 et
1263 675 1369 733 'Phera-

194 752 309 831 siam¹),
333 759 424 818 medio
442 760 589 833 utriusque
608 761 685 833 ripae
710 763 737 818 et
760 761 846 819 maris
871 762 965 834 spatio
987 764 1079 820 terrae
1102 766 1207 821 motum
1231 763 1319 821 fuisso
1342 766 1370 821 et

194 849 307 920 repente
335 866 368 905 ex
395 849 534 921 profundo
562 849 685 907 insulam
713 850 868 908 emersisse.
916 852 949 908 ln
972 851 1044 908 Asia
1074 869 1183 924 quoque
1207 854 1302 909 eodem
1326 853 1369 910 die

193 936 310 994 eundem
333 939 440 994 motum
462 940 554 995 terrae
578 939 706 997 Rhodum
729 939 890 1012 multasque
918 939 991 998 alias
1015 940 1145 998 civitates
1168 941 1248 1014 gravi
1272 941 1369 998 ruina-

193 1043 254 1082 rum
277 1025 342 1083 labe
365 1027 558 1097 concussisse,
583 1029 721 1100 quasdam
749 1028 856 1086 solidas
884 1023 1109 1102 absorbrussob.
1157 1030 1368 1103 Quaprodigio

192 1113 298 1171 territis
331 1115 460 1173 omnibus
493 1118 573 1173 vates
606 1117 754 1175 cecinisse:
780 1117 871 1175 oriens
895 1118 1084 1176 Romanorum
1111 1119 1258 1192 imperium
1288 1122 1369 1177 vetus

194 1203 364 1260 Graecorum
396 1207 423 1262 et
446 1205 630 1262 Macedonum
663 1207 843 1264 voraturum'.
890 1207 1017 1265 Audisne
1049 1207 1093 1265 his
1126 1209 1219 1265 verbis
1249 1208 1369 1280 prolatis

194 1309 292 1350 Versus
315 1293 477 1351 Plutarchei
509 1294 615 1353 oraculi
643 1297 659 1364 ἡ
679 1296 708 1349 δὲ
726 1299 871 1364 στηρίξεται
890 1297 978 1360 αὐτοῦ,
997 1298 1029 1350 οὗ
1053 1298 1135 1365 φατὸς
1153 1299 1306 1365 ἀνθρώποις
1324 1307 1368 1366 νῆ-

193 1394 249 1441 σος·
273 1383 318 1436 καὶ
337 1385 452 1452 χείρονες
471 1385 563 1451 ἄνδρες
581 1385 655 1454 χερσὶ
672 1385 838 1453 βιησάμενοι,
857 1386 900 1438 τὸν
918 1388 1056 1454 κρείσσονα
1074 1388 1242 1455 νικήσουσινῖ
1282 1385 1368 1443 Porro

193 1471 267 1543 qued
299 1472 336 1528 ad
367 1472 481 1529 tertium
513 1473 657 1529 oraculum
690 1473 792 1530 attinet
820 1491 837 1529 a
862 1473 1013 1531 Plutarcho
1041 1473 1138 1531 leviter
1160 1476 1282 1542 tactum,
1314 1491 1368 1546 quo

192 1559 297 1617 bellurn
312 1560 502 1618 Romanorum
517 1579 580 1619 eum
595 1562 682 1618 servis
697 1564 809 1635 gestum
832 1563 1020 1635 praesagitur,
1043 1563 1069 1619 id
1083 1563 1252 1634 permultum
1276 1563 1369 1620 valere

193 1648 315 1706 debebat
338 1651 414 1723 apud
437 1650 631 1720 Posidonium,
656 1651 704 1723 qui
729 1669 791 1708 cum
815 1651 946 1723 Pompeio
975 1652 1064 1709 altero
1095 1669 1237 1709 sorvorum
1264 1652 1369 1709 victore

192 1738 291 1795 intima
314 1739 507 1797 familiaritate
530 1733 696 1797 coniunctus
728 1741 789 1796 erat
813 1742 851 1811 (v.
875 1741 953 1796 Bake
977 1740 996 1798 l.
1021 1740 1040 1797 l.
1064 1758 1093 1812 p.
1122 1739 1160 1800 15
1176 1744 1261 1814 sqq).
1308 1742 1368 1798 lta-

193 1845 247 1900 que
270 1828 366 1886 nullus
390 1828 501 1898 dubito,
526 1828 593 1900 quin
617 1828 670 1886 hoo
693 1830 726 1886 de
750 1829 833 1902 Pyth.
859 1846 898 1887 or.
923 1829 983 1886 loco
1007 1830 1151 1887 Posidonii
1173 1830 1296 1903 vestigia
1320 1830 1368 1886 de-

192 1917 428 1990 prehenderimus.
474 1918 567 1990 Atque
591 1917 676 1975 ctiam
699 1918 752 1974 hoc
779 1918 1055 1976 animadvertendum
1084 1921 1141 1988 est,
1171 1920 1245 1991 quod
1273 1921 1369 1976 eodem

192 2006 284 2079 capite
320 2008 441 2064 extremo
473 2007 662 2064 Posidoniano
696 2000 804 2079 nrore3)
839 2007 976 2079 Epicurea
1012 2008 1139 2065 doctrina
1176 2008 1367 2081 impugnatur.

192 2095 266 2152 Nam
289 2095 392 2152 ibidem
416 2096 517 2153 similis
540 2096 669 2168 Epicurei
698 2096 789 2154 irrisio
813 2097 968 2165 inlidititur,
993 2097 1105 2170 qualem
1128 2097 1296 2154 Posidonius
1320 2115 1367 2169 ap.

193 2184 248 2242 Cic.
269 2185 302 2241 de
326 2185 381 2243 div.
402 2186 425 2253 l,
450 2182 498 2254 13,
520 2182 561 2243 23
586 2187 613 2242 et
636 2186 670 2242 de
693 2188 753 2243 nat.
778 2187 853 2243 deor.
873 2187 911 2254 ΙΙ,
936 2183 988 2255 37,
1014 2184 1056 2246 93
1080 2187 1114 2243 de
1138 2186 1269 2258 scepticis
1292 2187 1368 2243 Aca-

192 2273 361 2330 demicorum
384 2276 412 2331 et
434 2273 635 2346 Epicureorum
658 2274 772 2347 placitis
796 2275 922 2347 protulit.

279 2363 342 2436 Age
366 2363 635 2434 circumspiciamus
661 2364 799 2436 quomodo
822 2364 928 2421 facturn
953 2364 999 2432 sit,
1025 2367 1056 2422 ut
1077 2364 1248 2422 Plutarchus
1272 2383 1289 2421 a
1312 2365 1367 2421 Po-

191 2450 300 2508 sidonio
333 2451 512 2524 potissimum
544 2452 655 2510 Stoicae
688 2453 831 2510 doctrinae
868 2453 1019 2526 imaginem
1051 2454 1167 2525 peteret.
1219 2454 1305 2510 Credo
1344 2453 1369 2510 ei

190 2542 342 2613 praecepta
374 2541 450 2598 illius
483 2540 642 2614 philosophi
675 2543 793 2599 maxime
817 2542 960 2611 arrisisse,
994 2542 1097 2615 quippe
1128 2542 1175 2614 qui
1208 2542 1283 2599 omni
1311 2542 1368 2599 fore

191 2629 319 2686 doctrina
336 2630 461 2687 imbutus
481 2629 641 2687 cclccticam
664 2632 806 2704 quandam
829 2631 965 2688 rationem
987 2631 1172 2688 Plutarcheae
1196 2631 1368 2688 simillimam

191 2717 375 2776 adhibuisset.
422 2720 467 2777 lta
490 2718 596 2791 triplici
618 2721 700 2777 modo
725 2720 926 2778 somniantium
949 2720 1149 2777 divinationem
1173 2720 1305 2792 explicuit
1320 2738 1366 2792 ap.

191 2807 247 2865 cic.
272 2808 306 2864 de
329 2808 385 2866 div.
409 2809 438 2877 1,
463 2806 519 2877 30,
546 2806 601 2869 64:
627 2803 708 2879 ‘uno,
738 2811 812 2883 quod
835 2809 982 2881 provideat
1005 2810 1115 2867 animus
1139 2809 1199 2882 ipsc
1223 2827 1272 2881 per
1296 2827 1366 2879 sese,

191 2896 295 2969 quippe
327 2898 375 2969 qui
407 2899 519 2955 deorum
545 2899 713 2972 cognatione
736 2901 879 2968 teneatur,
905 2901 1007 2968 altero,
1037 2900 1111 2972 quod
1135 2898 1235 2971 plenus
1259 2916 1307 2955 aer
1331 2898 1368 2956 sit

190 2985 382 3044 inmortalium
405 2987 575 3057 animorum,
605 2987 633 3043 in
662 2988 764 3062 quibus
792 2990 929 3060 tanquam
956 2988 1109 3061 insignitae
1133 2990 1217 3045 notae
1239 2987 1367 3045 veritatis

191 3077 358 3147 appareant,
382 3076 465 3133 tertio
489 3078 564 3148 quod
592 3077 647 3148 ipsi
675 3078 702 3134 di
731 3095 794 3134 curn
822 3078 1024 3135 dormientibus
1053 3077 1276 3150 conloquantur’.
1323 3077 1367 3133 Ad

191 3165 308 3221 eandem
340 3165 496 3222 doctrinam
529 3168 660 3239 spectant
692 3167 778 3223 verba
811 3167 950 3224 Ciceronis
983 3168 1016 3223 dc
1049 3167 1104 3224 div.
1138 3168 1180 3234 ll,
1211 3164 1266 3235 58,
1294 3165 1366 3226 119.

190 3252 290 3310 Nonne
309 3254 387 3312 vides
407 3254 463 3311 iam
483 3273 500 3311 a
519 3255 669 3312 Posidonio
690 3257 839 3312 daemones
858 3256 885 3312 in
906 3273 987 3313 suam
1011 3257 1044 3312 de
1068 3255 1239 3313 divinatione
1263 3257 1366 3313 doctri-

190 3359 256 3399 nam
285 3343 425 3401 admisses
454 3348 534 3401 esse?
581 3345 634 3402 Sed
661 3362 778 3416 prorsus
809 3345 957 3402 abhorrere
981 3345 1033 3402 hoc
1056 3345 1192 3416 placitum
1216 3363 1233 3401 a
1258 3346 1366 3403 Stoico-

190 3449 251 3489 rum
274 3433 309 3489 de
332 3432 479 3490 divinitate
499 3434 600 3491 mentis
621 3434 760 3491 humanae
784 3434 894 3491 decreto
909 3434 964 3490 ianr
986 3451 1072 3506 supra
1092 3435 1366 3492 commemoravimus

191 3520 238 3592 (cf.
263 3538 291 3594 p.
318 3519 360 3593 5).
398 3522 509 3579 Primus
530 3523 695 3591 Stoicorum,
721 3525 856 3596 quantum
882 3523 949 3591 scio,
974 3524 1112 3580 Persaeus
1137 3523 1256 3581 Zenonis
1281 3524 1365 3580 disci-

189 3610 273 3682 pulus
301 3611 428 3668 homines
456 3613 544 3668 morte
573 3612 720 3669 defunctos
748 3612 821 3669 inter
849 3613 915 3669 deos
944 3613 1069 3684 reposuit
1095 3612 1142 3685 (cf.
1168 3613 1223 3670 Cic.
1248 3614 1281 3668 de
1305 3615 1365 3671 nat.

189 3699 264 3758 deor.
289 3701 312 3769 l,
342 3698 389 3769 15,
415 3697 479 3770 38).
526 3700 631 3757 Eodem
654 3702 715 3758 loco
743 3703 876 3759 narratur
900 3701 1086 3774 Chrysippum
1109 3719 1229 3774 magnae
1253 3702 1366 3758 deorum

188 3789 289 3846 turbae
320 3789 447 3846 homines
481 3807 603 3863 quoque,
633 3791 680 3862 qui
704 3791 880 3848 divinitatem
908 3792 1003 3848 essent
1027 3791 1164 3860 assecuti,
1194 3791 1364 3849 adiunxisse.

188 3877 251 3935 Hac
283 3878 312 3935 in
344 3896 373 3935 re
405 3878 481 3935 haud
514 3879 597 3937 dubie
631 3879 717 3937 Stoici
749 3879 860 3953 vulgari
892 3880 926 3936 de
959 3880 1089 3937 heroibus
1123 3882 1150 3937 ct
1182 3880 1366 3938 daemonibus

189 3967 313 4040 opinioni
337 3985 367 4025 so
395 3969 647 4026 accommodabant
675 3973 712 4040 (v.
738 3969 924 4027 Wachsmuth
946 3969 965 4026 l.
989 3969 1008 4026 l.
1033 3986 1061 4040 p.
1087 3967 1152 4042 36).
1200 3970 1280 4038 Quod
1304 3987 1366 4027 cum

279 4140 296 4199 1)
316 4139 355 4192 Cf.
376 4139 464 4193 Strab.
488 4138 536 4192 ἀνὰ
559 4140 639 4206 μέσον
661 4139 710 4206 γὰρ
732 4141 822 4208 Θήρας
844 4140 889 4193 καὶ
911 4141 1044 4208 Θηρασίας
1068 4146 1096 4194 et
1119 4141 1192 4194 Plut.
1216 4142 1248 4209 ἣν
1270 4141 1367 4209 ἀνῆκεν

189 4209 205 4277 ἡ
223 4209 275 4277 πρὸ
297 4210 388 4277 Θήρας
406 4209 451 4263 καὶ
473 4211 606 4278 Θηρασίας
625 4211 752 4264 Θάλασσα.

278 4281 300 4349 ²)
320 4282 360 4335 Cf.
376 4280 464 4335 Strab.
484 4282 511 4334 ἐν
530 4281 559 4334 δὲ
573 4291 603 4349 τῇ
621 4285 731 4350 Φοινικῇ
751 4304 816 4350 φησι
830 4283 1009 4341 Ποσειδώνιος
1027 4282 1165 4349 γενομένου
1184 4292 1291 4350 σεισμοῦ
1310 4286 1365 4336 κτλ.

189 4423 234 4480 edi
274 4352 367 4479 ἓηῃῦὲη
380 4369 471 4406 comm.
496 4353 586 4407 Procli
613 4353 692 4407 Diad.
721 4354 750 4408 in
772 4354 849 4422 prim.
877 4354 983 4409 Euclid.
1012 4355 1087 4408 elem.
1116 4354 1176 4408 libr.
1204 4372 1229 4423 p.
1260 4357 1311 4410 199
1326 4373 1364 4423 sq.

234 4429 256 4479 t.
314 4423 337 4478 'e
368 4465 374 4477 .

1552 4324 1562 4443 i
