3126 5002
667 563 808 682 Caput
839 561 889 657 11.

260 786 309 843 111
332 785 548 843 divinatione
573 783 696 841 animis
720 782 879 840 humanis
902 780 1017 839 insita
1041 784 1143 853 atquo
1167 780 1296 839 innata.

278 965 323 1021 Ab
348 964 398 1022 illa
422 963 593 1021 Cleombroti
616 962 649 1019 de
673 960 845 1019 divinatione
869 959 1020 1029 sententia,
1045 977 1130 1032 quam
1153 960 1182 1016 in
1205 959 1367 1016 universum

191 1054 227 1110 ad
250 1054 437 1111 Xenocratem
468 1052 642 1120 rettulimus,
668 1051 786 1108 multum
810 1049 900 1107 distat
932 1050 1036 1118 altera,
1071 1049 1151 1106 cuius
1182 1049 1368 1121 patrocinium

190 1143 339 1215 Lamprias
355 1160 378 1200 1.
395 1140 437 1202 39
453 1159 516 1214 sqq.
532 1141 666 1212 suscepit.
706 1139 827 1208 Etenim,
849 1155 1020 1210 quamquam
1034 1138 1184 1211 Iramprias
1209 1139 1245 1194 ad
1261 1139 1368 1195 Cleom-

191 1232 265 1289 broti
284 1232 441 1303 doctrinam
460 1230 592 1300 inclinat,
617 1229 727 1287 initium
751 1227 917 1300 disputandi
939 1228 1136 1285 tautummodo
1158 1228 1194 1284 ab
1219 1245 1252 1284 ea.
1277 1228 1368 1298 capit:

193 1321 238 1378 via
254 1339 310 1393 qua
325 1321 504 1394 progreditur
518 1337 634 1392 prorsus
650 1321 694 1376 est
709 1318 766 1374 alia
786 1319 813 1375 et
836 1334 925 1390 paene
949 1316 1101 1375 contraria.
1139 1317 1219 1374 Haec
1242 1318 1286 1374 est
1309 1317 1369 1375 eius

193 1411 349 1468 conclusio:
380 1405 421 1467 ‘Si
449 1410 477 1466 in
502 1408 604 1466 animis
638 1426 654 1464 a
688 1407 852 1479 corporibus
885 1406 1020 1463 seiunctis
1052 1406 1095 1464 vis
1128 1407 1268 1479 quaedam
1298 1406 1369 1463 divi-

192 1500 279 1556 nandi
311 1500 397 1569 inest,
423 1499 519 1555 eadem
551 1498 594 1555 vis
621 1497 650 1554 in
675 1497 715 1554 eis
744 1495 860 1565 aninus,
890 1512 962 1568 quae
992 1495 1156 1567 corporibus
1180 1495 1367 1565 continentur,

192 1588 351 1646 necessario
374 1573 533 1645 invdnitur'.
572 1586 667 1656 Quid?
690 1586 744 1642 hac
767 1584 982 1642 ratiocinatione
1006 1601 1098 1641 nonne
1126 1585 1216 1642 omnis
1245 1586 1278 1642 de
1302 1586 1369 1643 dae·

191 1678 321 1735 monibus
337 1678 465 1734 doctrina
488 1676 616 1734 funditus
641 1676 767 1732 deletur?
808 1673 893 1743 Nam,
919 1673 943 1730 si
967 1673 1067 1730 animis
1091 1674 1222 1731 humanis
1246 1674 1302 1731 iam
1326 1676 1369 1732 in-

191 1767 247 1824 sita
271 1771 315 1825 est
338 1767 462 1824 facultas
482 1765 637 1834 divinandi,
662 1782 724 1821 earn
748 1763 920 1820 extrinsecus
943 1762 1040 1819 inferri
1063 1780 1180 1834 prorsus
1204 1766 1247 1821 est
1271 1782 1384 1837 super--

191 1873 355 1912 vacaneum.
403 1856 484 1925 Quod
516 1870 721 1926 quamverum
745 1853 795 1921 sit,
825 1851 898 1909 satis
926 1852 1007 1908 docet
1036 1852 1197 1925 explanatio
1220 1853 1369 1925 Lampriae

192 1962 264 2016 quae
283 1945 419 2016 sequitur.
457 1943 532 2000 Nam
551 1943 580 2000 in
600 1942 734 2014 proximis
754 1941 896 2013 capitibus
921 1958 955 1996 ne
978 1958 1033 1998 uno
1058 1941 1169 2013 quidem
1192 1943 1277 1999 verbo
1301 1943 1369 2000 dae-

192 2050 304 2090 monum
323 2033 427 2090 mentio
451 2033 492 2090 fit.
530 2033 649 2088 Domum
668 2048 692 2088 c.
713 2027 754 2089 48
775 2029 922 2087 Ammonio
947 2030 1066 2102 aliisque
1089 2030 1265 2088 interlocutis
1284 2031 1369 2088 Lam-

190 2122 269 2193 prias
298 2122 400 2179 audaci
428 2121 548 2179 remedio
577 2119 797 2192 discrepantias,
823 2136 895 2191 quas
924 2118 996 2175 inter
1020 2122 1167 2193 utramque
1200 2121 1369 2178 sententiam

191 2211 360 2268 intercedere
393 2228 417 2268 c.
447 2209 489 2271 46
512 2209 679 2267 Ammonius
712 2209 856 2280 sagaciter
888 2208 1005 2278 detexit,
1039 2209 1203 2266 submovere
1237 2213 1368 2268 conatur:
1443 2239 1446 2244 ·
1511 2202 1513 2206 ⁸

190 2303 338 2372 utramque
372 2300 528 2359 doctrinam
560 2299 590 2356 in
607 2302 705 2356 ‘unam
734 2296 876 2355 contrahit
903 2296 1096 2355 infelicissimo
1125 2298 1247 2371 ingenio.
1294 2299 1369 2356 Nam

191 2407 314 2461 quanam
329 2389 499 2446 necessitate
522 2388 694 2460 postulatur,
717 2388 750 2444 ut
768 2389 860 2444 terrae
884 2385 1122 2457 exhalationibus,
1147 2388 1250 2460 quibus
1274 2389 1369 2445 divina

193 2478 348 2534 animorum
372 2477 415 2534 vis
440 2478 587 2546 excitatur,
611 2477 761 2533 daemones
784 2477 921 2548 tauquam
945 2477 1073 2530 ἐπιστάται
1092 2478 1138 2530 καὶ
1164 2480 1297 2546 nepotata
1325 2479 1369 2532 καὶ

194 2568 310 2634 φύλακες
337 2567 569 2637 praeponantur?

282 2654 434 2711 Videamus
449 2670 523 2711 nunc
538 2653 631 2726 qualis
646 2653 683 2711 sit
698 2653 748 2710 illa
763 2652 898 2710 divinatio
918 2670 990 2724 quae
1005 2653 1172 2710 daemonnm
1192 2671 1243 2727 ope
1258 2658 1368 2714 careat:

189 2735 368 2799 ‘Praesensio
392 2760 483 2799 rerum
497 2742 665 2812 futurarum,
689 2759 861 2814 quamquam
875 2759 925 2813 per
949 2759 978 2799 se
1001 2742 1076 2798 inest
1099 2742 1128 2798 in
1151 2743 1283 2801 humanis
1307 2745 1368 2801 ani-

191 2831 253 2900 mis,
277 2834 373 2888 tamen
397 2832 521 2903 corporis
544 2831 739 2903 voluptatibus
768 2831 920 2888 obscurata
948 2848 1011 2888 raro
1040 2835 1168 2903 apparet.
1215 2834 1253 2890 Ut
1276 2850 1368 2890 recor-

191 2920 304 2978 datione
332 2938 377 2977 res
405 2920 574 2992 praeteritas
602 2920 695 2977 animo
723 2922 865 2988 tenemus,
894 2920 935 2977 ita
959 2920 1129 2978 divinatione
1152 2920 1263 2979 futuras
1288 2925 1368 2980 ante-

192 3010 328 3081 capimus.
376 3009 454 3066 Haec
482 3009 643 3082 augurandi
670 3008 713 3066 vis
736 3008 902 3081 praevalida
925 3011 982 3078 est,
1015 3009 1091 3066 siin
1117 3010 1233 3067 somniis
1257 3014 1285 3068 et
1307 3030 1368 3086 my-

192 3098 285 3154 steriis
318 3112 420 3170 corpus
452 3100 592 3171 purgatur
624 3100 674 3155 aut
706 3097 747 3155 ita
778 3100 965 3169 temperatur,
999 3100 1031 3155 ut
1064 3099 1174 3156 animus
1202 3100 1321 3158 insanus
1352 3119 1369 3158 a

192 3186 275 3243 rebus
299 3187 497 3258 praesentibus
521 3205 606 3260 quarn
629 3187 749 3244 maxime
772 3188 896 3244 remotus
920 3204 1004 3244 casus
1027 3187 1138 3245 futuros
1162 3190 1367 3262 praevideat).

193 3274 271 3332 Talis
290 3276 415 3348 corporis
432 3276 599 3348 temperatio
628 3278 816 3345 ἐνθουσιασμός
840 3278 965 3333 vocatur.
1004 3277 1119 3334 Praeter
1142 3277 1216 3334 lianc
1240 3278 1368 3336 affectio-

192 3381 253 3420 nem
279 3364 366 3421 animi
392 3383 465 3437 quae
488 3383 520 3422 ex
544 3382 659 3437 corpore
681 3364 744 3436 ipso
767 3364 878 3436 paritur
906 3365 996 3421 altera
1020 3368 1063 3422 est
1086 3383 1159 3438 quae
1182 3366 1302 3424 efficitur
1326 3368 1368 3424 di-

189 3453 255 3510 vino
284 3453 406 3526 quodam
434 3455 569 3512 anhelit.
616 3453 690 3510 Nam
718 3453 791 3510 vires
820 3453 893 3509 aliae
920 3453 1107 3526 perniciosae,
1137 3454 1209 3512 aliae
1238 3457 1368 3514 salubres

191 3542 294 3599 insitae
308 3545 386 3600 sunt
408 3545 510 3601 terrae.
557 3543 625 3600 lude
649 3542 737 3599 divini
760 3541 878 3614 spiritus
902 3543 931 3599 in
955 3560 1057 3615 corpus
1080 3544 1235 3602 humanum
1258 3546 1368 3603 intran-

190 3633 233 3688 tes
258 3631 350 3689 calore
374 3649 425 3689 suo
449 3633 508 3691 τοὺς
526 3635 625 3701 πόρους
645 3631 791 3688 divinandi
813 3631 951 3690 facultate
974 3633 1118 3703 praeditos
1143 3635 1290 3706 aperiunt'.

280 3720 497 3790 Quaerentibus,
522 3720 570 3793 qui
589 3720 694 3777 fuerint
713 3720 795 3777 huius
820 3720 965 3778 doctrinae
989 3723 1127 3791 auctores
1153 3723 1181 3779 in
1205 3724 1367 3781 memoriam

190 3808 250 3865 sine
265 3809 349 3867 dubio
364 3809 484 3880 primum
500 3808 771 3882 Stoiciredigontur,
792 3809 839 3881 qui
854 3810 984 3867 omuibus
1009 3811 1191 3869 divinationis
1215 3796 1367 3884 generibus

147 3902 149 3906 ’
190 3891 349 3971 probatis2)
380 3898 520 3956 docebant
548 3898 672 3955 animum
699 3898 853 3956 humanum
881 3917 930 3971 per
959 3917 1020 3956 sese
1052 3900 1229 3972 praevidere,
1263 3902 1367 3974 quippe

280 4177 300 4246 ¹)
318 4194 344 4244 p.
364 4178 434 4232 432ο
452 4178 660 4232 Waohsmuthio
685 4179 817 4232 suadente
840 4195 888 4246 pro
912 4179 929 4245 ἢ
953 4180 982 4230 τό
1009 4186 1071 4246 post
1098 4178 1272 4245 λαμβάνοντος
1301 4180 1367 4231 ὥστε

189 4253 218 4300 11
237 4263 298 4300 cum
317 4249 529 4315 Wyttenbachio
548 4250 763 4317 ἐπιστρεφόμεναι
782 4249 932 4304 scribimus.

279 4336 299 4406 ²)
319 4336 359 4390 Cf.
380 4337 560 4392 Waohsmuth
575 4337 638 4392 ‘Die
658 4338 809 4391 Ansichten
834 4339 883 4391 der
901 4337 985 4391 Stoik.
1006 4338 1072 4391 iiber
1090 4338 1176 4390 blant.
1196 4353 1222 4390 u.
1243 4339 1363 4392 Damon.³

189 4423 215 4474 p.
237 4407 270 4460 12
280 4424 336 4474 sqq.

1189 4498 1206 4550 2
