3126 5002
747 222 966 284 ,pg-

269 403 317 476 qui
349 403 463 460 deorum
495 402 664 476 cognatione
696 404 837 459 teneretur
871 403 939 475 (Sic.
973 403 1007 459 de
1044 402 1099 461 div.
1132 404 1160 473 I,
1196 400 1252 473 30,
1278 401 1343 476 64.)
1392 405 1450 462 Sed

264 495 351 563 ,caute
374 492 560 564 procedamus
590 493 709 562 oportet.
756 490 830 548 Nam
853 492 1002 564 Lampriae
1030 492 1123 549 verbis
1151 509 1223 564 quae
1248 493 1284 549 ad
1307 493 1448 565 insipien-

267 581 338 639 tiam
366 581 582 639 vaticinantium
610 582 742 653 spectant
772 582 911 653 tanquam
938 580 1150 638 fundamentum
1190 582 1307 640 subesse
1335 582 1449 640 videtur

268 671 416 728 Platonica
431 670 570 728 Sententia
588 670 670 742 (Tim.
693 668 777 742 71⁰):
801 671 929 739 μαντικὴν
947 672 1083 740 ἀφροσύνῃ
1106 671 1169 730 θεὸς
1188 672 1342 741 ἀνθρωπίνῃ
1363 674 1449 726 δέδω-

269 781 327 815 κεν·
348 762 434 820 οὐδεὶς
452 760 501 829 γὰρ
525 762 611 819 ἔννους
635 761 772 833 ἐφάπτεται
794 769 921 829 μαντικῆς
939 761 1032 814 ἐνθέου
1050 761 1096 813 καὶ
1114 761 1243 828 ἀληθοῦς,
1262 762 1318 814 ἀλλ’
1340 763 1357 831 ἢ
1376 765 1446 816 καθ’

270 853 350 905 ὕπνον
369 851 415 919 τὴν
442 859 487 919 τῆς
506 850 660 919 φρονήσεως
678 851 803 919 πεδηθεὶς
822 852 930 918 δύναμιν
949 851 965 919 ἢ
985 851 1027 903 διὰ
1045 852 1121 903 νόσον
1140 851 1156 917 ἢ
1176 851 1218 903 διά
1237 872 1290 904 τινα
1309 852 1449 904 ἐνθουσια-

268 941 334 1008 σμὸν
360 940 525 1007 παραλλάξας
548 933 597 1015 (cf.
618 936 737 995 Phaedr.
760 933 844 996 244(1
867 940 895 995 et
918 937 1045 995 similiter
1064 938 1097 994 de
1120 938 1229 1010 poetico
1252 938 1344 996 tinore
1369 939 1448 997 dicta

268 1027 296 1084 in
312 1028 387 1101 legg.
400 1025 490 1096 719⁰,
506 1027 535 1083 in
546 1027 612 1084 lone
629 1023 702 1095 534,
721 1026 750 1082 in
766 1027 841 1098 apol.
858 1026 899 1086 22
907 1028 939 1099 4).
978 1027 1126 1098 Apparent
1136 1044 1202 1100 ergo
1212 1028 1334 1102 vestigia
1349 1029 1446 1086 errius-

270 1117 335 1173 dam
358 1115 519 1189 philosophi
543 1115 579 1172 ad
602 1115 751 1172 Platonem
774 1115 948 1173 inclinantia.
995 1114 1054 1172 Nec
1077 1133 1141 1173 vero
1174 1117 1226 1173 hoc
1258 1120 1372 1174 nostrae
1396 1136 1447 1175 su-

270 1206 391 1278 spicioni
414 1205 520 1263 obstat.
559 1203 633 1261 Nam
656 1203 856 1262 divinationem
879 1206 1037 1262 tractantes
1057 1205 1144 1262 Stoici
1167 1223 1222 1262 non
1247 1207 1447 1264 discordarunt

269 1312 331 1353 cum
356 1295 475 1352 Platona
500 1293 548 1364 (cf.
572 1295 636 1351 het.
661 1294 735 1365 plac.
761 1293 795 1362 V,
823 1293 850 1362 1,
877 1291 892 1352 1
918 1293 1006 1351 Diels.
1031 1311 1059 1365 p.
1085 1291 1172 1366 415).
1250 1369 1252 1374 ¹

358 1384 412 1442 Sed
435 1383 640 1455 Peripateticae
672 1400 782 1455 quoque
815 1383 958 1441 doctrinae
990 1384 1104 1440 exstant
1133 1400 1190 1440 non
1213 1401 1306 1456 pauca
1330 1385 1445 1443 indicia.

269 1473 381 1545 Optima
405 1473 477 1529 enim
501 1472 653 1530 concinunt
676 1489 748 1544 quae
772 1489 795 1529 c.
821 1470 862 1531 39
887 1472 920 1528 de
944 1472 1108 1529 recordandi
1133 1475 1161 1527 et
1185 1473 1330 1531 divinandi
1353 1474 1446 1532 facul-

267 1565 328 1620 tate
352 1562 463 1619 animae
486 1561 625 1618 humanae
650 1563 826 1632 exponuntur
853 1578 916 1617 cum
943 1561 1032 1632 primo
1061 1560 1154 1632 capite
1187 1561 1247 1619 eius
1270 1562 1446 1621 Aristotelioi

268 1651 367 1722 libelli,
392 1651 420 1707 in
444 1666 499 1722 quo
527 1650 574 1707 ille
598 1649 826 1722 philosophorum
855 1650 986 1722 princeps
1014 1649 1047 1705 da
1075 1650 1209 1707 memoria
1232 1650 1299 1724 egit.
1348 1653 1446 1711 Scatet

268 1757 350 1813 porro
373 1742 436 1798 tota
454 1738 602 1811 Lampriaa
625 1739 751 1796 narratio
766 1741 793 1796 et
814 1739 907 1797 verbis
931 1741 959 1795 et
981 1737 1118 1807 formulis,
1143 1756 1215 1811 quae
1239 1739 1266 1797 in
1290 1741 1446 1814 stagiritae

268 1829 392 1903 physicis
417 1827 531 1900 scriptis
555 1828 743 1886 inveniantur.
781 1829 844 1885 Duo
868 1831 935 1886 sunt
959 1844 1029 1900 quos
1053 1827 1100 1884 ille
1124 1827 1253 1886 distinxit
1275 1831 1367 1887 terrae
1392 1849 1445 1888 an-

268 1919 385 1976 helitus:
406 1919 452 1988 τὴν
470 1919 564 1987 ἀτμίδα
583 1919 627 1972 καὶ
647 1919 692 1986 τὴν
710 1919 891 1988 ἀναθυμίασιν,
925 1917 965 1974 Cf.
991 1917 1080 1988 ipsius
1104 1917 1190 1973 Verba
1213 1920 1355 1977 meteorol.
1380 1921 1403 1988 Ι,
1424 1917 1445 1978 3

267 2026 295 2080 p.
321 2002 404 2067 340¹>
424 2004 480 2066 27:
505 2009 556 2060 ἔστι
579 2007 627 2076 γὰρ
651 2008 757 2074 ἀτμίδος
778 2007 826 2074 μὲν
849 2009 927 2076 φύσις
950 2007 1029 2075 ὑγρὸν
1048 2007 1093 2060 καί
1111 2008 1224 2074 θερμόν,
1243 2009 1446 2076 ἀναθυμιάσεως

268 2098 297 2151 δὲ
315 2097 415 2165 θερμὸν
437 2097 483 2150 καὶ
502 2098 594 2165 ξηρόν·
619 2096 663 2148 καὶ
686 2097 737 2149 ἔστι
757 2096 830 2163 ἀτμὶς
848 2095 896 2163 μὲν
914 2097 1020 2163 δυνάμει
1044 2097 1099 2148 οἷον
1117 2097 1191 2163 ὕδωρ
1197 2138 1205 2160 ,
1224 2097 1397 2163 ἀναθυμίασις
1416 2099 1446 2151 δὲ

268 2187 375 2253 δυνάμει
394 2187 449 2238 οἷον
466 2193 528 2252 πῦρ.
567 2183 626 2252 Quo
648 2199 711 2240 cum
726 2182 831 2255 placito
856 2186 951 2256 aperte
976 2183 1106 2240 cohaeret
1129 2184 1248 2240 scientia
1263 2184 1443 2244 Plutarchea.

267 2275 333 2346 lpse
361 2273 495 2330 laudatur
518 2272 686 2329 Aristoteles
713 2289 738 2329 c.
764 2270 806 2331 44
836 2291 864 2344 p.
890 2267 971 2332 4344
996 2275 1023 2330 et
1050 2271 1228 2329 metallorum
1257 2273 1382 2331 defectus
1408 2275 1445 2332 ad

267 2364 313 2431 τὴν
336 2364 511 2430 ἀναθυμίασιν
525 2378 597 2434 quaa
611 2363 702 2418 terrae
717 2361 874 2434 ingignitur
889 2364 1045 2419 revocatur.
1080 2361 1188 2431 Quibus
1201 2362 1272 2419 haec
1287 2364 1443 2439 adduntur:

271 2452 355 2506 Ταύτά
370 2452 402 2520 δὴ
416 2452 475 2519 περὶ
489 2458 623 2519 μαντικῶν
636 2452 791 2518 πνευμάτων
805 2453 960 2521 διανοητέον.
997 2449 1059 2508 Hoc
1077 2451 1158 2508 modo
1179 2452 1206 2505 τά
1219 2454 1344 2519 μαντικὸν
1359 2455 1443 2523 ῥεῦμα

267 2542 312 2595 καὶ
330 2549 431 2607 πνεῦμα
455 2539 487 2595 de
516 2539 570 2596 def.
596 2555 635 2595 or.
661 2537 703 2598 40
731 2557 760 2612 p.
785 2536 868 2598 432θ
891 2540 1009 2597 refertur
1037 2539 1073 2596 ad
1101 2540 1314 2597 Aristotelicam
1342 2543 1442 2595 ἀναθυ-

265 2633 360 2697 μίασιν.
402 2627 486 2685 Nunc
506 2628 542 2684 ad
559 2629 650 2685 locum
675 2646 757 2700 quam
780 2646 813 2685 ar
827 2629 1050 2702 meteorologicis
1074 2629 1222 2686 attulimus
1246 2629 1442 2701 respiciamus.

266 2717 311 2773 lbi
344 2716 517 2774 exhalationi
549 2717 674 2774 naturali
707 2716 799 2774 calida
832 2720 860 2774 et
892 2719 968 2775 sicca
1000 2718 1043 2774 vis
1075 2718 1218 2775 tribuitur.
1265 2719 1327 2775 Hoc
1350 2735 1443 2776 nonne

267 2807 372 2878 optime
396 2807 518 2879 quadrat
542 2807 578 2863 ad
597 2806 744 2863 Plutarchi
768 2806 891 2863 divinum
915 2807 1055 2878 spiritum,
1080 2823 1135 2878 quo
1159 2807 1186 2863 in
1211 2806 1307 2864 anima
1330 2811 1443 2878 ξηρότης

265 2896 329 2964 μετὰ
349 2897 394 2964 τὴς
413 2897 573 2965 θερμότητος
597 2894 755 2952 excitatur?
786 2894 827 2952 ef.
846 2912 869 2952 c.
895 2893 935 2954 41
961 2912 988 2967 p.
1014 2891 1101 2953 432f.
1139 2895 1202 2952 Huc
1226 2896 1343 2964 accedit,
1369 2896 1443 2968 quod

267 2984 342 3056 apud
367 2984 587 3041 Chaeronensem
612 2983 688 3040 furor
716 2982 772 3052 ille,
797 3001 852 3056 quo
881 2983 1035 3040 divinantis
1064 2983 1159 3040 anima
1190 2984 1297 3042 cieatur
1328 2987 1355 3042 et
1383 3001 1443 3041 mo-

266 3075 373 3141 veatur,
398 3089 453 3129 non
478 3071 569 3129 solum
594 3071 702 3141 calidis,
725 3073 774 3129 sed
793 3073 878 3130 etiam
897 3072 1010 3145 frigidis
1034 3071 1155 3130 efficitur
1170 3074 1209 3145 (p.
1232 3069 1319 3143 4324,
1336 3070 1443 3146 4334),

268 3162 370 3234 quibus
391 3161 534 3218 elementis
555 3161 630 3218 sicca
650 3163 677 3217 et
698 3161 813 3218 humida
838 3163 1030 3234 opponuntur:
1056 3162 1170 3220 siccitas
1195 3161 1285 3220 solum
1309 3180 1370 3219 cum
1395 3179 1444 3218 oa-

268 3252 325 3308 lore
353 3251 446 3307 animo
471 3250 665 3324 ingeneratur,
690 3251 797 3320 humor,
823 3252 869 3324 qui
893 3267 949 3308 non
974 3253 1072 3321 acuat,
1102 3252 1151 3310 sed
1174 3251 1286 3309 habetet
1310 3252 1444 3320 animum,

267 3357 385 3413 prorsus
418 3339 582 3396 excluditur.
630 3339 692 3396 Hoc
725 3342 820 3412 aperte
853 3341 993 3397 consentit
1026 3357 1087 3398 curn
1120 3340 1283 3398 Aristotelis
1316 3340 1445 3397 doctriua

268 3429 406 3487 naturali:
441 3428 534 3485 calida
565 3430 593 3485 et
624 3428 729 3502 frigida
757 3432 824 3486 sunt
847 3430 876 3483 td
894 3432 1024 3499 ποιητικά,
1044 3429 1120 3486 sicca
1153 3431 1245 3486 autem
1275 3431 1302 3486 et
1328 3429 1445 3486 humida

269 3521 299 3573 τὰ
326 3520 460 3587 παθητικά
485 3517 638 3589 (meteorol.
660 3518 709 3586 IV,
734 3515 749 3576 1
772 3535 800 3590 p.
821 3513 904 3579 3784
931 3517 968 3577 12
984 3520 1040 3591 sq.)
1077 3517 1171 3574 Nolim
1195 3534 1276 3589 porro
1301 3518 1329 3574 id
1353 3535 1444 3575 axem-

269 3608 347 3681 plum
366 3606 513 3680 neglegas,
530 3624 583 3679 quo
603 3607 680 3678 apud
698 3607 881 3664 Plutarchum
895 3606 945 3663 illa
960 3606 1070 3664 animae
1084 3605 1250 3678 temperatio
1274 3606 1444 3664 illustratur.

269 3697 354 3766 Nam,
378 3696 516 3770 quomodo
541 3699 673 3754 stannum
703 3713 765 3754 cum
789 3714 851 3753 aare
875 3696 1024 3764 confletur,
1048 3696 1077 3752 in
1101 3695 1338 3766 comparationem
1362 3698 1446 3753 vocat

272 3787 423 3861 Stagirites
447 3786 480 3842 da
505 3804 568 3859 gen.
594 3788 621 3843 et
644 3803 714 3843 corr.
739 3787 766 3855 l,
800 3784 838 3845 10
861 3802 890 3857 p.
915 3779 999 3844 3284
1024 3782 1112 3855 Ssq,
1142 3784 1174 3839 de
1202 3786 1255 3840 ort.
1281 3802 1327 3842 an.
1352 3786 1394 3854 ll,
1425 3784 1442 3846 7

271 3897 299 3951 p.
326 3872 407 3939 7474
432 3873 461 3935 3.

361 3965 439 4023 Haec
467 3968 534 4023 sunt
557 3964 761 4036 Peripateticae
791 3962 935 4020 doctrinae
962 3960 1093 4033 vestigia.
1141 3960 1213 4030 Quid
1240 3961 1347 4034 igitur?
1377 3979 1445 4020 con·

272 4057 391 4115 vartitne
416 4055 584 4112 Plutarchus
608 4054 636 4110 in
661 4071 742 4111 suurn
766 4070 847 4110 usum
871 4051 960 4133 huius
978 4049 1144 4122 disciplinae
1172 4053 1342 4123 praecepta?
1378 4051 1444 4109 hri-

273 4147 401 4205 Stodalclll
435 4147 462 4202 ed
493 4144 696 4202 Dicaearchum
721 4144 749 4196 τὸ
771 4144 830 4196 κατ’
852 4140 1040 4207 ἐνθουσιασμὸν
1062 4140 1133 4209 γένος
1151 4150 1276 4211 μαντικῆς
1308 4140 1444 4213 probasse

272 4236 391 4295 tradidit
415 4235 514 4292 hirtius
539 4235 566 4291 in
591 4234 665 4306 plac.
690 4233 724 4302 V,
752 4231 779 4301 1,
804 4228 833 4290 4.
882 4230 933 4287 Sed
959 4227 1121 4285 cautissime
1144 4229 1312 4287 Aristoteles
1335 4229 1443 4287 divina·

273 4326 377 4384 tionem
400 4324 495 4398 tetigit
514 4324 541 4381 in
566 4323 645 4381 libris
669 4321 798 4379 servatis.
836 4321 868 4377 ln
892 4317 993 4391 lepidis
1016 4316 1120 4374 libellis
1144 4317 1247 4389 quibus
1271 4318 1305 4375 de
1328 4316 1443 4375 somniis

275 4420 302 4474 et
334 4415 368 4472 de
397 4413 568 4472 divinatione
601 4411 801 4471 somniantium
829 4409 888 4482 agii
915 4404 1024 4493 somnia
1052 4405 1147 4464 divina
1175 4423 1237 4464 esse
1261 4405 1372 4465 omnino
1394 4423 1444 4462 na-
