3126 5002
663 252 886 314 -21-

190 429 251 486 Hoc
273 429 404 486 naturale
427 447 526 503 genus
551 431 625 503 quod
649 448 666 487 a
689 431 841 489 Plutarcho
865 449 889 489 e.
914 430 956 492 lo
980 432 1114 491 describit
1101 435 1160 501 t,ur
1184 433 1230 491 hio
1254 433 1365 492 Stoicus

189 517 231 575 ita
246 517 356 575 definit:
381 518 415 574 de
434 518 489 576 div
504 514 721 593 1,57,1291):
745 514 909 578 ‘tAnatura
932 522 1027 578 autem
1050 521 1108 578 alia
1131 523 1269 594 quaedam
1292 523 1364 580 ratio

190 609 247 672 est,
276 623 349 678 quae
377 607 457 664 docet
485 610 606 680 quant¹
576 609 658 666 asit
687 608 771 666 animi
799 610 842 667 vis
871 610 998 667 seiuncta
1026 628 1043 667 a
1074 611 1199 683 corporis
1223 611 1364 681 sensibus,

191 695 266 768 quod
284 695 403 754 maxime
423 696 542 770 contigit
561 700 611 754 aut
630 697 832 756 dormientibus
856 701 913 779 autx
929 701 1021 757 mente
1044 700 1187 772 permotis.
1230 701 1269 757 Ut
1292 701 1366 759 enim

191 784 304 842 deorum
328 785 415 842 animi
439 785 499 842 sine
523 786 622 855 oculis,
647 787 708 843 sine
731 787 865 857 auribus,
882 787 943 844 sine
966 788 1066 860 lingua
1090 789 1216 846 sentiunt
1238 789 1312 846 inter
1335 807 1365 847 se

191 873 257 945 quid
286 873 404 946 quisque
432 874 537 932 sentiat
562 919 651 944 ..,,,
677 875 717 932 sic
747 876 834 932 animi
857 876 1013 946 hominum,
1038 894 1100 935 cum
1125 880 1175 935 aut
1197 894 1295 936 somno
1319 895 1365 935 so-

191 963 245 1020 luti
268 957 372 1019 vacant
396 979 511 1035 corpore
535 966 585 1021 aut
608 966 700 1022 mente
723 965 840 1036 permoti
864 982 914 1037 per
938 983 968 1023 se
991 966 1046 1039 ipsi
1069 966 1151 1023 liberi
1174 967 1284 1024 incitati
1307 984 1366 1024 mo-

190 1053 305 1119 ventur,
339 1054 457 1109 cernunt
480 1071 526 1120 ea,
561 1071 632 1125 quae
664 1051 794 1125 permixti
826 1072 888 1110 cum
922 1071 1036 1127 corpore
1069 1055 1154 1113 animi
1187 1056 1278 1113 videro
1310 1073 1366 1113 non

191 1139 330 1213 possunt!
360 1141 455 1198 Haec
483 1141 576 1198 omnia
604 1159 666 1199 cum
694 1159 750 1199 non
775 1142 946 1201 dissentiant
970 1162 987 1200 a
1010 1145 1154 1217 Plutarchi
1177 1145 1284 1213 verbis,
1309 1144 1367 1201 alia

191 1246 300 1302 quoque
324 1230 410 1286 verba
434 1230 573 1288 Ciceronis
602 1231 705 1303 optime
734 1233 865 1304 spectant
892 1233 929 1289 ad
956 1233 1021 1290 illas
1049 1235 1140 1291 terrae
1164 1233 1366 1303 exhalationes,

192 1319 295 1391 quibus
324 1320 399 1391 apud
426 1319 610 1377 Plutarchum
640 1320 756 1377 divinat
736 1323 775 1378 tro
806 1323 898 1378 movet
899 1339 941 1379 ur
988 1320 1062 1378 Nam
1092 1322 1111 1379 l
1136 1322 1155 1379 l.
1180 1324 1207 1390 l,
1232 1320 1284 1392 36,
1311 1320 1366 1382 79:

187 1402 228 1466 ‘di
255 1408 447 1476 immortales,
476 1408 568 1480 inquit
596 1409 682 1478 Quint
683 1411 764 1467 usS
765 1410 857 1467 toicae
887 1410 973 1468 doct
953 1425 1031 1467 rinae
1065 1411 1207 1479 defensor,
1242 1405 1309 1483 ‘ipsi
1337 1427 1367 1467 se

191 1499 273 1556 nobis
297 1515 354 1555 non
378 1497 592 1566 offemnt,vi1n
618 1499 712 1555 autern
736 1516 817 1556 suam
841 1500 924 1572 longe
948 1499 1060 1572 lateque
1084 1500 1257 1568 diffundunt,
1282 1517 1367 1572 quam

191 1591 252 1645 tum
275 1589 366 1644 torrae
390 1587 517 1644 caventis
541 1587 689 1645 includunt
676 1592 704 1657 Ι,
729 1590 788 1645 tum
812 1588 955 1645 hominum
978 1589 1088 1646 naturis
1112 1589 1272 1661 implicant3
1302 1606 1368 1645 nam

191 1680 282 1734 terrae
306 1677 348 1734 vis
372 1675 503 1750 Pythiam
526 1676 644 1748 Delphis
663 1676 817 1754 incitabat,
841 1680 961 1734 naturae
986 1678 1133 1751 Sibyllam.
1179 1678 1252 1747 Quid
1276 1677 1368 1734 enirn?

191 1783 247 1824 non
271 1765 411 1835 videmus,
437 1783 521 1838 quam
546 1765 603 1823 sint
626 1766 705 1823 varia
728 1769 866 1823 terrarum
890 1769 1069 1839 generat-ex
1093 1766 1195 1838 quibus
1220 1769 1248 1824 et
1270 1765 1368 1823 morti-

192 1855 251 1912 fera
275 1856 414 1927 quaedam
436 1871 505 1927 pars
529 1857 581 1924 est,
606 1856 638 1912 ut
661 1857 689 1912 et
707 1855 875 1928 Ampsancti
898 1855 926 1911 in
950 1855 1079 1929 Hirpinis
1103 1856 1183 1914 etin
1206 1856 1277 1913 Asia
1299 1856 1368 1913 Plu·

191 1944 270 2003 tonia
286 2003 288 2015 ,
303 1962 375 2017 quae
402 1943 522 2001 vidimus
554 1945 581 2000 et
608 1945 675 2001 sunt
702 1946 799 2016 partes
824 1961 955 2017 agromm
986 1945 1059 2002 aliae
1082 1945 1261 2016 pestilentes,
1295 1944 1368 2001 aliae

193 2034 336 2103 salubres,
361 2033 434 2090 aliae
458 2051 529 2105 qnae
554 2035 639 2090 acuta
662 2032 776 2106 ingenia
799 2034 934 2106 gignant,
961 2033 1017 2090 alia
1046 2052 1117 2106 quae
1141 2037 1271 2091 retunsa:
1296 2051 1368 2106 quae

193 2123 286 2181 omnia
310 2124 382 2180 fiunt
405 2141 437 2180 ex
461 2122 531 2178 caeli
555 2122 692 2179 varietate
720 2125 747 2179 et
775 2141 807 2178 ex
831 2123 959 2195 disparili
988 2123 1179 2195 adspiratione
1211 2123 1367 2180 terrarum'.

193 2212 325 2270 Similiter
340 2212 471 2280 Quintus,
487 2213 638 2283 postquam
654 2211 853 2268 describenda
871 2212 1088 2269 vaticinantium
1110 2215 1202 2269 mente
1226 2212 1367 2281 disseruit,

192 2295 766 2374 1.1.5o,115pergn.ctrecoaaiam
790 2301 932 2359 anhelitus
948 2302 1086 2373 quosdam
1108 2301 1196 2359 fnisse
1219 2303 1367 2371 terrarum,

192 2391 294 2490 quibus
318 2391 434 2447 inflatae
458 2392 565 2447 mentes
589 2390 684 2447 oracla
707 2390 874 2448 funderent)
921 2390 1111 2458 Quibuscum
1135 2391 1275 2448 Tullianis
1298 2390 1367 2448 locis

193 2479 260 2536 mire
288 2480 450 2551 conspirare
478 2479 564 2535 verba
592 2479 737 2536 Plutarchi
766 2480 799 2536 de
827 2479 880 2536 def.
914 2496 953 2536 or.
984 2477 1025 2538 lo
1054 2497 1081 2552 p.
1112 2475 1195 2539 432⁶
1218 2480 1281 2552 quis
1311 2497 1368 2536 non

192 2569 361 2641 perspiciet?
408 2567 479 2636 Quin
513 2568 598 2624 ctiam
630 2568 680 2624 illa
713 2569 850 2640 quaestio,
885 2586 957 2640 quae
980 2568 1141 2625 Plutarchei
1168 2568 1235 2625 libri
1258 2585 1368 2625 summa

193 2659 249 2727 est,
281 2658 357 2729 apud
381 2657 539 2714 Ciceronem
564 2657 670 2713 eodem
691 2658 772 2714 modo
803 2657 926 2729 explicat
913 2657 1007 2714 turl
1037 2657 1055 2714 l.
1087 2655 1141 2726 19,
1172 2655 1227 2717 38:
1258 2651 1368 2714 ‘Pott
1311 2659 1368 2714 ttes

193 2748 286 2804 autern
305 2746 417 2804 visilia
439 2748 531 2803 terrae
555 2763 627 2818 quae
654 2748 774 2803 mentem
799 2746 917 2819 Pythiae
945 2746 1037 2803 divino
1062 2746 1171 2803 adflatu
1194 2746 1367 2815 concitabat,

193 2835 342 2893 evanuisse
360 2837 513 2904 vetustate,
533 2837 565 2892 ut
588 2836 727 2907 quosdam
746 2835 894 2892 evanuisse
918 2837 946 2892 et
969 2835 1111 2892 exaruisse
1136 2853 1232 2892 amnes
1257 2837 1307 2892 aut
1339 2835 1367 2892 in

193 2925 279 2982 aliurn
312 2942 423 2981 cursum
457 2926 600 2981 contortos
629 2927 656 2981 et
685 2924 805 2982 deflexos
839 2924 973 2982 videmns’
999 2924 1046 2997 (cf.
1075 2925 1151 2982 Plut.
1181 2925 1214 2981 de
1247 2925 1301 2982 def.
1327 2941 1366 2982 or.

282 3102 383 3160 Omnia
397 3102 484 3176 igitur
498 3102 668 3160 Plutarchea
683 3103 786 3174 optime
801 3103 943 3175 quadrant
958 3103 994 3169 ad
1004 3103 1218 3175 Apameensem.
1242 3103 1368 3177 Psyche-

192 3192 297 3266 legiam
317 3191 428 3264 quidem
452 3191 594 3249 Posidonii
617 3192 730 3249 nouisse
749 3192 931 3249 Plutarchum
951 3191 1136 3248 certissimum
1161 3185 1245 3264 esch.
1280 3192 1367 3260 Quid-

192 3281 222 3338 ni
244 3280 367 3338 frustula
396 3281 534 3352 quaedam
562 3281 638 3338 illius
663 3281 807 3338 doctrinae
834 3281 864 3338 in
888 3299 968 3339 suurn
992 3298 1075 3338 usum
1098 3281 1284 3338 converterit?
1329 3281 1368 3338 ΑΙ

193 3370 342 3427 manifesto
370 3373 532 3442 repugnant
559 3370 699 3427 communi
722 3370 878 3428 Stoicomm
907 3371 939 3427 de
968 3370 1063 3427 mundi
1092 3370 1220 3427 incendio
1244 3371 1272 3426 et
1294 3369 1367 3426 inte-

192 3459 247 3516 ritu
265 3452 420 3531 opinioni3)
436 3459 522 3516 verba
546 3459 648 3532 capitis
668 3457 720 3528 43,
744 3459 846 3531 quibus
870 3462 886 3529 ἡ
906 3470 938 3530 γῆ
956 3461 1039 3519 ἀΐδιος
1058 3462 1102 3513 καὶ
1121 3461 1258 3528 ἄφθαρτος
1277 3459 1367 3516 ιιιιιιιΙ-

190 3550 285 3606 natur.
327 3547 428 3605 Hicin
449 3548 610 3604 memoriam
633 3549 820 3606 revocandum
844 3551 887 3606 est
904 3548 1087 3605 Plutarchum
1110 3548 1229 3605 fontium
1253 3565 1366 3605 snorum

191 3636 347 3695 doctrinam
375 3654 431 3694 non
460 3637 496 3693 ad
524 3637 638 3694 verbum
667 3637 863 3710 exscripsisse,
889 3638 939 3695 sed
962 3655 994 3694 ex
1017 3654 1092 3694 more
1117 3654 1167 3695 suc
1192 3637 1282 3694 multa
1305 3654 1367 3694 mu-

281 3808 301 3876 1)
320 3809 500 3861 Wachsmuth
518 3809 535 3861 l.
556 3810 572 3861 l.
592 3826 618 3876 p.
639 3810 672 3861 ‘26
683 3825 739 3874 sqq.

280 3880 306 4004 233
320 3880 428 3948 Fragm.
450 3881 484 3933 de
503 3879 583 3934 anim.
602 3881 624 3948 Ι,
650 3882 710 3947 dp.
736 3882 786 3935 700
810 3881 907 3947 Wytc,
929 3882 962 3934 de
991 3897 1033 3934 an.
1062 3896 1149 3948 procr.
1178 3880 1208 3934 in
1235 3879 1303 3933 Tim.
1332 3881 1366 3932 22

238 3953 296 4006 102ί
311 3953 332 4004 b.

190 3968 207 4018 p
280 4023 301 4091 Ι)
320 4023 361 4074 Ab
386 4023 479 4076 eodem
499 4023 608 4076 decreto
632 4040 666 4076 ne
685 4023 846 4077 Posidonius
870 4022 979 4089 quidem
1003 4022 1148 4076 aberravit.
1173 4022 1254 4091 Dicg.
1274 4023 1366 4076 Laert.

191 4095 265 4161 VIII,
288 4095 346 4148 142.
385 4094 442 4159 Quo
458 4111 520 4148 eum
538 4094 694 4148 testimonio
713 4112 767 4148 non
787 4095 926 4148 discordat
943 4094 1021 4147 Philo
1041 4095 1074 4147 de
1094 4094 1191 4147 incorr.
1212 4094 1305 4148 mundi
1325 4095 1365 4162 15,

190 4171 223 4219 ut
248 4165 340 4219 Hirzel
364 4166 551 4235 (‘Untersueh.
576 4183 610 4219 zu
634 4165 688 4219 (lie.
713 4166 777 4233 phil.
802 4165 882 4218 Schr?
910 4167 924 4219 I
947 4183 972 4233 p.
999 4167 1051 4218 225
1062 4166 1130 4234 sqq.)
1159 4165 1287 4232 opinatus
1315 4171 1366 4220 est.

190 4237 260 4290 Nam
274 4243 418 4304 postquam
433 4254 449 4290 a
463 4237 611 4304 Bernaysio
631 4238 714 4291 verba
728 4236 837 4304 Βοηθὸς
855 4244 918 4304 γοῦν
935 4236 980 4289 καὶ
995 4237 1181 4298 Ποσειδώνιος,
1200 4253 1269 4303 quae
1283 4237 1366 4306 vulgo

191 4309 264 4375 apud
282 4307 422 4361 Philonem
440 4309 615 4376 legebantur,
637 4326 670 4363 ex
689 4308 781 4362 codice
801 4308 921 4362 Medieeo
944 4308 973 4360 in
993 4307 1100 4374 Βοηθὸς
1123 4316 1185 4375 γοῦν
1204 4309 1219 4359 ὁ
1237 4307 1367 4365 Σιδώνιος

190 4379 411 4447 restituissent,
431 4380 622 4448 gravissimum
642 4380 756 4434 Hirzclii
775 4385 967 4449 argumentum
986 4379 1100 4432 corruit:
1126 4379 1159 4432 ef.
1181 4380 1268 4434 Zellor
1282 4380 1324 4432 III
1341 4379 1367 4432 1³

118 4503 122 4510 .
190 4468 216 4520 p.
237 4451 313 4505 5753.
